
  <record>
    <leader>00000nam#a2200000#c#4500</leader>
    <controlfield tag="003">DE-605</controlfield>
    <controlfield tag="005">20121010173000.0</controlfield>
    <controlfield tag="007">tu</controlfield>
    <controlfield tag="008">921102|1978####xx############|||#|#####c</controlfield>
    <controlfield tag="009">HT004344482</controlfield>
    <controlfield tag="001">990017076150206441</controlfield>
    <datafield tag="035" ind1=" " ind2=" ">
      <subfield code="a">HT004344482</subfield>
    </datafield>
    <datafield tag="035" ind1=" " ind2=" ">
      <subfield code="a">(DE-605)HT004344482</subfield>
    </datafield>
    <datafield tag="035" ind1=" " ind2=" ">
      <subfield code="a">(ALEPHCCHBZ)001707615HBZ01</subfield>
    </datafield>
    <datafield tag="016" ind1="7" ind2=" ">
      <subfield code="a">1071866245</subfield>
      <subfield code="2">OCoLC</subfield>
    </datafield>
    <datafield tag="035" ind1=" " ind2=" ">
      <subfield code="a">(OCoLC)1071866245</subfield>
      <subfield code="0">(uri) http://www.worldcat.org/oclc/1071866245</subfield>
    </datafield>
    <datafield tag="040" ind1=" " ind2=" ">
      <subfield code="a">HBZ/OZK</subfield>
      <subfield code="b">ger</subfield>
      <subfield code="e">rakwb</subfield>
    </datafield>
    <datafield tag="110" ind1="2" ind2=" ">
      <subfield code="a">FC Schalke 04</subfield>
      <subfield code="0">(DE-588)2037491-4</subfield>
      <subfield code="4">aut</subfield>
      <subfield code="0">(uri) https://portal.dnb.de/opac.htm?method=simpleSearch&amp;cqlMode=true&amp;query=idn=004928881</subfield>
      <subfield code="0">(uri) http://viaf.org/viaf/sourceID/DNB|004928881</subfield>
    </datafield>
    <datafield tag="245" ind1="1" ind2="0">
      <subfield code="a">FC Schalke 04</subfield>
      <subfield code="b">75 Jahre Fußball-Geschichte</subfield>
      <subfield code="c">[Mitarb.: Helmut von Bruck ...]</subfield>
    </datafield>
    <datafield tag="264" ind1=" " ind2="1">
      <subfield code="a">Gelsenkirchen</subfield>
      <subfield code="b">Druvela-Verl.</subfield>
      <subfield code="c">[circa 1978]</subfield>
    </datafield>
    <datafield tag="300" ind1=" " ind2=" ">
      <subfield code="a">219 S. : zahlr. Ill.</subfield>
    </datafield>
    <datafield tag="700" ind1="1" ind2=" ">
      <subfield code="a">Bruck, Helmut &lt;&lt;von&gt;&gt;</subfield>
      <subfield code="0">(DE-588)174928939</subfield>
      <subfield code="4">oth</subfield>
      <subfield code="e">[Bearb.]</subfield>
    </datafield>
    <datafield tag="964" ind1="0" ind2="s">
      <subfield code="F">030</subfield>
      <subfield code="A">e|1uc||||||27</subfield>
    </datafield>
    <datafield tag="964" ind1="0" ind2="s">
      <subfield code="F">050</subfield>
      <subfield code="A">a|||||||||||||</subfield>
    </datafield>
    <datafield tag="964" ind1="0" ind2="s">
      <subfield code="F">051</subfield>
      <subfield code="A">m|||||||</subfield>
    </datafield>
    <datafield tag="MBD" ind1=" " ind2=" ">
      <subfield code="M">49HBZ_NETWORK</subfield>
      <subfield code="i">990017076150206441</subfield>
      <subfield code="n">HBZ Network</subfield>
    </datafield>
    <datafield tag="MNG" ind1=" " ind2=" ">
      <subfield code="f">ILS</subfield>
      <subfield code="i">marc21</subfield>
      <subfield code="k">01</subfield>
      <subfield code="e">false</subfield>
      <subfield code="g">001707615-HBZ01</subfield>
      <subfield code="j">60</subfield>
      <subfield code="a">import</subfield>
      <subfield code="b">2020-07-16 14:46:41 Europe/Berlin</subfield>
    </datafield>
    <datafield tag="POR" ind1=" " ind2=" ">
      <subfield code="x">System</subfield>
      <subfield code="a">5377717890006442</subfield>
      <subfield code="M">49HBZ_NETWORK</subfield>
      <subfield code="c">static</subfield>
      <subfield code="l">Interna: Verlag; Info: Zugriff nur im Hochschulnetz der Universität Bielefeld bzw. für autorisierte Benutzer</subfield>
      <subfield code="y">2020-07-23 13:27:43 Europe/Berlin</subfield>
      <subfield code="w">2020-07-23 13:27:39 Europe/Berlin</subfield>
      <subfield code="D">https://eu04.alma.exlibrisgroup.com/view/uresolver/49HBZ_NETWORK/openurl?u.ignore_date_coverage=true&amp;portfolio_pid=5377717890006442&amp;Force_direct=true</subfield>
      <subfield code="v">P2E_JOB</subfield>
      <subfield code="z">2020-07-23 11:27:39</subfield>
      <subfield code="i">false</subfield>
      <subfield code="S">5277717900006442</subfield>
      <subfield code="d">e?u.ignore_date_coverage=true&amp;rft.mms_id=991009919449706442</subfield>
      <subfield code="b">Available</subfield>
      <subfield code="f">BOOK</subfield>
      <subfield code="8">5377717890006442</subfield>
    </datafield>
  </record>