
  <record>
    <leader>00000nam#a2200000#cc4500</leader>
    <controlfield tag="003">DE-605</controlfield>
    <controlfield tag="005">20000126000000.0</controlfield>
    <controlfield tag="008">981114|1815####xx############|||#|#ger#c</controlfield>
    <controlfield tag="009">HT009310445</controlfield>
    <controlfield tag="001">990087639280206441</controlfield>
    <datafield tag="035" ind1=" " ind2=" ">
      <subfield code="a">HT009310445</subfield>
    </datafield>
    <datafield tag="035" ind1=" " ind2=" ">
      <subfield code="a">(DE-605)HT009310445</subfield>
    </datafield>
    <datafield tag="035" ind1=" " ind2=" ">
      <subfield code="a">(ALEPHCCHBZ)008763928HBZ01</subfield>
    </datafield>
    <datafield tag="016" ind1="7" ind2=" ">
      <subfield code="a">315157108</subfield>
      <subfield code="2">OCoLC</subfield>
    </datafield>
    <datafield tag="035" ind1=" " ind2=" ">
      <subfield code="a">(OCoLC)315157108</subfield>
      <subfield code="0">(uri) http://www.worldcat.org/oclc/315157108</subfield>
    </datafield>
    <datafield tag="040" ind1=" " ind2=" ">
      <subfield code="a">HBZ/Off</subfield>
      <subfield code="b">ger</subfield>
      <subfield code="e">rakwb</subfield>
    </datafield>
    <datafield tag="041" ind1=" " ind2=" ">
      <subfield code="a">ger</subfield>
    </datafield>
    <datafield tag="044" ind1=" " ind2=" ">
      <subfield code="c">XA-AAAT</subfield>
    </datafield>
    <datafield tag="100" ind1="1" ind2=" ">
      <subfield code="a">Kotzebue, August &lt;&lt;von&gt;&gt;</subfield>
      <subfield code="d">1761-1819</subfield>
      <subfield code="0">(DE-588)118565796</subfield>
      <subfield code="4">aut</subfield>
      <subfield code="9">O:H</subfield>
    </datafield>
    <datafield tag="245" ind1="1" ind2="0">
      <subfield code="a">Theater</subfield>
      <subfield code="n">45</subfield>
      <subfield code="p">Der Schutzgeist</subfield>
      <subfield code="c">Kotzebue</subfield>
    </datafield>
    <datafield tag="264" ind1=" " ind2="1">
      <subfield code="a">Wien</subfield>
      <subfield code="b">Doll in Comm.</subfield>
      <subfield code="c">1815</subfield>
    </datafield>
    <datafield tag="773" ind1="0" ind2="8">
      <subfield code="w">(DE-605)HT009275240</subfield>
      <subfield code="q">45</subfield>
    </datafield>
    <datafield tag="960" ind1="1" ind2=" ">
      <subfield code="o">retro</subfield>
    </datafield>
    <datafield tag="964" ind1="0" ind2="s">
      <subfield code="F">030</subfield>
      <subfield code="A">e|1uc||||||||</subfield>
    </datafield>
    <datafield tag="MBD" ind1=" " ind2=" ">
      <subfield code="M">49HBZ_NETWORK</subfield>
      <subfield code="i">990087639280206441</subfield>
      <subfield code="n">HBZ Network</subfield>
    </datafield>
    <datafield tag="MNG" ind1=" " ind2=" ">
      <subfield code="f">ILS</subfield>
      <subfield code="i">marc21</subfield>
      <subfield code="k">01</subfield>
      <subfield code="e">false</subfield>
      <subfield code="g">008763928-HBZ01</subfield>
      <subfield code="j">50</subfield>
      <subfield code="a">import</subfield>
      <subfield code="b">2020-07-16 18:41:53 Europe/Berlin</subfield>
    </datafield>
  </record>