
  <record>
    <leader>-----nas-a22-----z--4500</leader>
    <controlfield tag="001">99366597115306441</controlfield>
    <controlfield tag="008">190303uuuuuuuuuuuuuu-p-o----u|----|eng-d</controlfield>
    <datafield tag="035" ind1=" " ind2=" ">
      <subfield code="a">(CKB)4910000000131578</subfield>
    </datafield>
    <datafield tag="035" ind1=" " ind2=" ">
      <subfield code="a">(EXLCZ)994910000000131578</subfield>
    </datafield>
    <datafield tag="245" ind1="0" ind2="0">
      <subfield code="a">Olive Wreath: A Monthly Magazine, Devoted to Odd Fellowship &amp; Its Literature (via EBSCO Host)</subfield>
    </datafield>
    <datafield tag="246" ind1=" " ind2=" ">
      <subfield code="a">Olive Wreath</subfield>
    </datafield>
    <datafield tag="260" ind1=" " ind2=" ">
      <subfield code="b">American Antiquarian Society Historical Periodicals via EBSCO Host</subfield>
    </datafield>
    <datafield tag="856" ind1="4" ind2="0">
      <subfield code="u">http://www.bibliothek.uni-regensburg.de/ezeit/?2241653</subfield>
      <subfield code="x">EZB</subfield>
    </datafield>
    <datafield tag="856" ind1="4" ind2="2">
      <subfield code="m">V:DE-605;X:migimw</subfield>
      <subfield code="q">application/pdf</subfield>
      <subfield code="u">http://digitale-objekte.hbz-nrw.de/storage/2007/11/27/file_131/2235259.pdf</subfield>
      <subfield code="3">Inhaltsverzeichnis</subfield>
      <subfield code="9">O:PKN</subfield>
      <subfield code="M">49HBZ_WUP</subfield>
    </datafield>
    <datafield tag="906" ind1=" " ind2=" ">
      <subfield code="a">JOURNAL</subfield>
    </datafield>
    <datafield tag="MBD" ind1=" " ind2=" ">
      <subfield code="M">49HBZ_NETWORK</subfield>
      <subfield code="i">99366597115306441</subfield>
      <subfield code="n">HBZ Network</subfield>
    </datafield>
    <datafield tag="MBD" ind1=" " ind2=" ">
      <subfield code="M">49HBZ_WUP</subfield>
      <subfield code="i">9915810639006447</subfield>
      <subfield code="n">Bergische Universität Wuppertal</subfield>
    </datafield>
    <datafield tag="MBD" ind1=" " ind2=" ">
      <subfield code="M">49HBZ_FHA</subfield>
      <subfield code="i">991004536033306444</subfield>
      <subfield code="n">Fachhochschule Aachen</subfield>
    </datafield>
    <datafield tag="MBD" ind1=" " ind2=" ">
      <subfield code="M">49HBZ_UBD</subfield>
      <subfield code="i">991012056522306445</subfield>
      <subfield code="n">Technische Universitaet Dortmund</subfield>
    </datafield>
    <datafield tag="MBD" ind1=" " ind2=" ">
      <subfield code="M">49HBZ_BIE</subfield>
      <subfield code="i">991024435414706442</subfield>
      <subfield code="n">Universität Bielefeld</subfield>
    </datafield>
    <datafield tag="MBD" ind1=" " ind2=" ">
      <subfield code="M">49HBZ_UDE</subfield>
      <subfield code="i">99202915544306446</subfield>
      <subfield code="n">Universität Duisburg-Essen</subfield>
    </datafield>
    <datafield tag="MBD" ind1=" " ind2=" ">
      <subfield code="M">49HBZ_DUE</subfield>
      <subfield code="i">9945469180606443</subfield>
      <subfield code="n">Universität Düsseldorf</subfield>
    </datafield>
    <datafield tag="MNG" ind1=" " ind2=" ">
      <subfield code="c">Ex Libris</subfield>
      <subfield code="f">CKB</subfield>
      <subfield code="i">marc21</subfield>
      <subfield code="e">false</subfield>
      <subfield code="d">2020-07-22 11:55:40 Europe/Berlin</subfield>
      <subfield code="g">994910000000131578</subfield>
      <subfield code="a">CKB</subfield>
      <subfield code="b">2020-07-22 11:55:40 Europe/Berlin</subfield>
    </datafield>
    <datafield tag="POR" ind1=" " ind2=" ">
      <subfield code="j">Ezb</subfield>
      <subfield code="x">System</subfield>
      <subfield code="a">5354767020006447</subfield>
      <subfield code="M">49HBZ_WUP</subfield>
      <subfield code="p">6154108920006447</subfield>
      <subfield code="q">EZB-NALAS-00438 AAS Historical Periodicals 5 NL</subfield>
      <subfield code="c">param</subfield>
      <subfield code="o">614910000000000710</subfield>
      <subfield code="y">2020-07-09 10:08:02 Europe/Berlin</subfield>
      <subfield code="w">2020-07-09 10:07:53 Europe/Berlin</subfield>
      <subfield code="D">https://eu04.alma.exlibrisgroup.com/view/uresolver/49HBZ_NETWORK/openurl?u.ignore_date_coverage=true&amp;portfolio_pid=5354767020006447&amp;Force_direct=true</subfield>
      <subfield code="v">NON_SFX_CREATOR</subfield>
      <subfield code="z">2020-07-09 08:07:53</subfield>
      <subfield code="n"> Available from 1867 volume: 1 issue: 1 until 1867 volume: 1 issue: 12.</subfield>
      <subfield code="i">false</subfield>
      <subfield code="S">6254108910006447</subfield>
      <subfield code="d">e?u.ignore_date_coverage=true&amp;rft.mms_id=9915810639006447</subfield>
      <subfield code="b">Available</subfield>
      <subfield code="f">JOURNAL</subfield>
      <subfield code="8">5354767020006447</subfield>
    </datafield>
    <datafield tag="POC" ind1=" " ind2=" ">
      <subfield code="a">5354767020006447</subfield>
      <subfield code="b">1867</subfield>
      <subfield code="c">1867</subfield>
      <subfield code="d">1</subfield>
      <subfield code="e">12</subfield>
      <subfield code="f">1</subfield>
      <subfield code="g">31</subfield>
      <subfield code="h">1</subfield>
      <subfield code="i">1</subfield>
      <subfield code="j">1</subfield>
      <subfield code="k">12</subfield>
    </datafield>
    <datafield tag="POR" ind1=" " ind2=" ">
      <subfield code="j">Ezb</subfield>
      <subfield code="x">System</subfield>
      <subfield code="a">539971760006444</subfield>
      <subfield code="M">49HBZ_FHA</subfield>
      <subfield code="p">619683300006444</subfield>
      <subfield code="q">EZB-NALAS-00438 AAS Historical Periodicals 5 NL</subfield>
      <subfield code="c">param</subfield>
      <subfield code="o">614910000000000710</subfield>
      <subfield code="y">2020-07-18 16:55:04 Europe/Berlin</subfield>
      <subfield code="w">2020-07-18 16:54:58 Europe/Berlin</subfield>
      <subfield code="D">https://eu04.alma.exlibrisgroup.com/view/uresolver/49HBZ_NETWORK/openurl?u.ignore_date_coverage=true&amp;portfolio_pid=539971760006444&amp;Force_direct=true</subfield>
      <subfield code="v">NON_SFX_CREATOR</subfield>
      <subfield code="z">2020-07-18 14:54:58</subfield>
      <subfield code="n"> Available from 1867 volume: 1 issue: 1 until 1867 volume: 1 issue: 12.</subfield>
      <subfield code="i">false</subfield>
      <subfield code="S">629683290006444</subfield>
      <subfield code="d">e?u.ignore_date_coverage=true&amp;rft.mms_id=991004536033306444</subfield>
      <subfield code="b">Available</subfield>
      <subfield code="f">JOURNAL</subfield>
      <subfield code="8">539971760006444</subfield>
    </datafield>
    <datafield tag="POC" ind1=" " ind2=" ">
      <subfield code="a">539971760006444</subfield>
      <subfield code="b">0000</subfield>
      <subfield code="c">9999</subfield>
      <subfield code="d">1</subfield>
      <subfield code="e">12</subfield>
      <subfield code="f">1</subfield>
      <subfield code="g">31</subfield>
      <subfield code="h">1</subfield>
      <subfield code="i">1</subfield>
      <subfield code="j">1</subfield>
      <subfield code="k">12</subfield>
    </datafield>
    <datafield tag="POR" ind1=" " ind2=" ">
      <subfield code="j">Ezb</subfield>
      <subfield code="x">System</subfield>
      <subfield code="a">5377228100006445</subfield>
      <subfield code="M">49HBZ_UBD</subfield>
      <subfield code="p">6165193810006445</subfield>
      <subfield code="q">EZB-NALAS-00438 AAS Historical Periodicals 5 NL</subfield>
      <subfield code="c">param</subfield>
      <subfield code="o">614910000000000710</subfield>
      <subfield code="y">2020-09-03 02:35:13 Europe/Berlin</subfield>
      <subfield code="w">2020-09-03 02:35:13 Europe/Berlin</subfield>
      <subfield code="D">https://eu04.alma.exlibrisgroup.com/view/uresolver/49HBZ_NETWORK/openurl?u.ignore_date_coverage=true&amp;portfolio_pid=5377228100006445&amp;Force_direct=true</subfield>
      <subfield code="v">electronic inventory creator</subfield>
      <subfield code="z">2020-09-03 00:35:13</subfield>
      <subfield code="n"> Available from 1867 volume: 1 issue: 1 until 1867 volume: 1 issue: 12.</subfield>
      <subfield code="i">false</subfield>
      <subfield code="S">6265193800006445</subfield>
      <subfield code="d">e?u.ignore_date_coverage=true&amp;rft.mms_id=991012056522306445</subfield>
      <subfield code="b">Available</subfield>
      <subfield code="f">JOURNAL</subfield>
      <subfield code="8">5377228100006445</subfield>
    </datafield>
    <datafield tag="POC" ind1=" " ind2=" ">
      <subfield code="a">5377228100006445</subfield>
      <subfield code="b">1867</subfield>
      <subfield code="c">1867</subfield>
      <subfield code="d">1</subfield>
      <subfield code="e">12</subfield>
      <subfield code="f">1</subfield>
      <subfield code="g">31</subfield>
      <subfield code="h">1</subfield>
      <subfield code="i">1</subfield>
      <subfield code="j">1</subfield>
      <subfield code="k">12</subfield>
    </datafield>
    <datafield tag="POR" ind1=" " ind2=" ">
      <subfield code="j">Ezb</subfield>
      <subfield code="x">System</subfield>
      <subfield code="a">5373495210006442</subfield>
      <subfield code="M">49HBZ_BIE</subfield>
      <subfield code="p">6173148630006442</subfield>
      <subfield code="q">EZB-NALAS-00438 AAS Historical Periodicals 5 NL</subfield>
      <subfield code="c">param</subfield>
      <subfield code="o">614910000000000710</subfield>
      <subfield code="y">2020-07-20 12:59:27 Europe/Berlin</subfield>
      <subfield code="w">2020-07-20 12:59:21 Europe/Berlin</subfield>
      <subfield code="D">https://eu04.alma.exlibrisgroup.com/view/uresolver/49HBZ_NETWORK/openurl?u.ignore_date_coverage=true&amp;portfolio_pid=5373495210006442&amp;Force_direct=true</subfield>
      <subfield code="v">NON_SFX_CREATOR</subfield>
      <subfield code="z">2020-07-20 10:59:21</subfield>
      <subfield code="n"> Available from 1867 volume: 1 issue: 1 until 1867 volume: 1 issue: 12.</subfield>
      <subfield code="i">false</subfield>
      <subfield code="S">6273148620006442</subfield>
      <subfield code="d">e?u.ignore_date_coverage=true&amp;rft.mms_id=991024435414706442</subfield>
      <subfield code="b">Available</subfield>
      <subfield code="f">JOURNAL</subfield>
      <subfield code="8">5373495210006442</subfield>
    </datafield>
    <datafield tag="POC" ind1=" " ind2=" ">
      <subfield code="a">5373495210006442</subfield>
      <subfield code="b">1867</subfield>
      <subfield code="c">1867</subfield>
      <subfield code="d">1</subfield>
      <subfield code="e">12</subfield>
      <subfield code="f">1</subfield>
      <subfield code="g">31</subfield>
      <subfield code="h">1</subfield>
      <subfield code="i">1</subfield>
      <subfield code="j">1</subfield>
      <subfield code="k">12</subfield>
    </datafield>
    <datafield tag="POR" ind1=" " ind2=" ">
      <subfield code="j">Ezb</subfield>
      <subfield code="x">System</subfield>
      <subfield code="a">5390846370006446</subfield>
      <subfield code="M">49HBZ_UDE</subfield>
      <subfield code="p">6189808440006446</subfield>
      <subfield code="q">EZB-NALAS-00438 AAS Historical Periodicals 5 NL</subfield>
      <subfield code="c">param</subfield>
      <subfield code="o">614910000000000710</subfield>
      <subfield code="y">2020-09-03 04:20:34 Europe/Berlin</subfield>
      <subfield code="w">2020-09-03 04:20:34 Europe/Berlin</subfield>
      <subfield code="D">https://eu04.alma.exlibrisgroup.com/view/uresolver/49HBZ_NETWORK/openurl?u.ignore_date_coverage=true&amp;portfolio_pid=5390846370006446&amp;Force_direct=true</subfield>
      <subfield code="v">electronic inventory creator</subfield>
      <subfield code="z">2020-09-03 02:20:34</subfield>
      <subfield code="n"> Available from 1867 volume: 1 issue: 1 until 1867 volume: 1 issue: 12.</subfield>
      <subfield code="i">false</subfield>
      <subfield code="S">6289808430006446</subfield>
      <subfield code="d">e?u.ignore_date_coverage=true&amp;rft.mms_id=99202915544306446</subfield>
      <subfield code="b">Available</subfield>
      <subfield code="f">JOURNAL</subfield>
      <subfield code="8">5390846370006446</subfield>
    </datafield>
    <datafield tag="POC" ind1=" " ind2=" ">
      <subfield code="a">5390846370006446</subfield>
      <subfield code="b">1867</subfield>
      <subfield code="c">1867</subfield>
      <subfield code="d">1</subfield>
      <subfield code="e">12</subfield>
      <subfield code="f">1</subfield>
      <subfield code="g">31</subfield>
      <subfield code="h">1</subfield>
      <subfield code="i">1</subfield>
      <subfield code="j">1</subfield>
      <subfield code="k">12</subfield>
    </datafield>
    <datafield tag="POR" ind1=" " ind2=" ">
      <subfield code="j">Ezb</subfield>
      <subfield code="x">System</subfield>
      <subfield code="a">53117228100006443</subfield>
      <subfield code="M">49HBZ_DUE</subfield>
      <subfield code="p">61116171790006443</subfield>
      <subfield code="q">EZB-NALAS-00438 AAS Historical Periodicals 5 NL</subfield>
      <subfield code="c">param</subfield>
      <subfield code="o">614910000000000710</subfield>
      <subfield code="y">2020-09-03 13:24:55 Europe/Berlin</subfield>
      <subfield code="w">2020-09-03 13:24:55 Europe/Berlin</subfield>
      <subfield code="D">https://eu04.alma.exlibrisgroup.com/view/uresolver/49HBZ_NETWORK/openurl?u.ignore_date_coverage=true&amp;portfolio_pid=53117228100006443&amp;Force_direct=true</subfield>
      <subfield code="v">electronic inventory creator</subfield>
      <subfield code="z">2020-09-03 11:24:55</subfield>
      <subfield code="n"> Available from 1867 volume: 1 issue: 1 until 1867 volume: 1 issue: 12.</subfield>
      <subfield code="i">false</subfield>
      <subfield code="S">62116171780006443</subfield>
      <subfield code="d">e?u.ignore_date_coverage=true&amp;rft.mms_id=9945469180606443</subfield>
      <subfield code="b">Available</subfield>
      <subfield code="f">JOURNAL</subfield>
      <subfield code="8">53117228100006443</subfield>
    </datafield>
    <datafield tag="POC" ind1=" " ind2=" ">
      <subfield code="a">53117228100006443</subfield>
      <subfield code="b">1867</subfield>
      <subfield code="c">1867</subfield>
      <subfield code="d">1</subfield>
      <subfield code="e">12</subfield>
      <subfield code="f">1</subfield>
      <subfield code="g">31</subfield>
      <subfield code="h">1</subfield>
      <subfield code="i">1</subfield>
      <subfield code="j">1</subfield>
      <subfield code="k">12</subfield>
    </datafield>
  </record>