
  <record>
    <leader>00544nam a2200157 c 4500</leader>
    <controlfield tag="005">20160114</controlfield>
    <controlfield tag="007">ta</controlfield>
    <controlfield tag="008">||||||s2014uuuu|||||| | m||||||||||ger||</controlfield>
    <controlfield tag="001">991000043359706444</controlfield>
    <datafield tag="035" ind1=" " ind2=" ">
      <subfield code="a">(DE-A96)534977-49hbz_fha</subfield>
    </datafield>
    <datafield tag="035" ind1=" " ind2=" ">
      <subfield code="a">534977</subfield>
      <subfield code="9">ExL</subfield>
    </datafield>
    <datafield tag="100" ind1="1" ind2=" ">
      <subfield code="a">Schuller, Dimitri</subfield>
    </datafield>
    <datafield tag="245" ind1="0" ind2="0">
      <subfield code="a">Konstruktion, Bau und Inbetriebnahme einer Tieftemperaturkühlkammer eines Rastertunnelmikroskops</subfield>
      <subfield code="c">in Zusammenarbeit mit: Forschungszentrum Jülich (Dipl.-Ing. Karl Heinz Graf)</subfield>
    </datafield>
    <datafield tag="264" ind1=" " ind2=" ">
      <subfield code="c">2014</subfield>
    </datafield>
    <datafield tag="502" ind1="0" ind2=" ">
      <subfield code="a">Aachen, FH, Bachelorarbeit, 2015</subfield>
    </datafield>
    <datafield tag="700" ind1="1" ind2=" ">
      <subfield code="a">Wählisch, Georg</subfield>
      <subfield code="e">Betreuer</subfield>
    </datafield>
    <datafield tag="981" ind1=" " ind2=" ">
      <subfield code="9">LOCAL</subfield>
      <subfield code="a">(DE-A96)534977</subfield>
    </datafield>
    <datafield tag="997" ind1=" " ind2=" ">
      <subfield code="9">LOCAL</subfield>
      <subfield code="a">20150123</subfield>
    </datafield>
    <datafield tag="MBD" ind1=" " ind2=" ">
      <subfield code="M">49HBZ_FHA</subfield>
      <subfield code="i">991000043359706444</subfield>
      <subfield code="n">Fachhochschule Aachen</subfield>
    </datafield>
    <datafield tag="MNG" ind1=" " ind2=" ">
      <subfield code="f">ILS</subfield>
      <subfield code="i">marc21</subfield>
      <subfield code="k">01</subfield>
      <subfield code="e">false</subfield>
      <subfield code="g">534977-49hbz_fha</subfield>
      <subfield code="j">00</subfield>
      <subfield code="a">import</subfield>
      <subfield code="b">2020-07-16 21:40:07 Europe/Berlin</subfield>
    </datafield>
    <datafield tag="HOL" ind1=" " ind2=" ">
      <subfield code="b">2020-07-16 19:40:07</subfield>
      <subfield code="8">227800930006444</subfield>
      <subfield code="M">49HBZ_FHA</subfield>
      <subfield code="g">false</subfield>
      <subfield code="a">import</subfield>
    </datafield>
    <datafield tag="ITM" ind1=" " ind2=" ">
      <subfield code="H">227800930006444</subfield>
      <subfield code="a">237800900006444</subfield>
      <subfield code="s">1</subfield>
      <subfield code="p">ZZZ</subfield>
      <subfield code="c">61 EU 14/15-16B</subfield>
      <subfield code="b">61EU14_15-16B</subfield>
      <subfield code="M">49HBZ_FHA</subfield>
    </datafield>
  </record>