
  <record>
    <leader>00000nam#a2200000#cb4500</leader>
    <controlfield tag="003">DE-605</controlfield>
    <controlfield tag="005">20120428091000.0</controlfield>
    <controlfield tag="007">tu</controlfield>
    <controlfield tag="008">840831|1974####xx############|||#|#####c</controlfield>
    <controlfield tag="009">HT001066042</controlfield>
    <controlfield tag="001">990059762910206441</controlfield>
    <datafield tag="035" ind1=" " ind2=" ">
      <subfield code="a">HT001066042</subfield>
    </datafield>
    <datafield tag="035" ind1=" " ind2=" ">
      <subfield code="a">(DE-605)HT001066042</subfield>
    </datafield>
    <datafield tag="035" ind1=" " ind2=" ">
      <subfield code="a">(ALEPHCCHBZ)005976291HBZ01</subfield>
    </datafield>
    <datafield tag="040" ind1=" " ind2=" ">
      <subfield code="a">HBZ/Off</subfield>
      <subfield code="b">ger</subfield>
      <subfield code="e">rakwb</subfield>
    </datafield>
    <datafield tag="100" ind1="1" ind2=" ">
      <subfield code="a">Prosser, Eleanor</subfield>
      <subfield code="0">(DE-588)15127066X</subfield>
      <subfield code="4">aut</subfield>
    </datafield>
    <datafield tag="245" ind1="1" ind2="0">
      <subfield code="a">DRAMA AND RELIGION IN THE ENGLISH MYSTERY PLAYS. A RE-EVALUATION. VON ELEANOR PROSSER. REPR. STANFORD, CALIF.: UNIV. PR. 1974. VI, 229 S.</subfield>
    </datafield>
    <datafield tag="246" ind1="3" ind2=" ">
      <subfield code="a">DRAMA AND RELIGION IN THE ENGLISH MYSTERY PLAYS</subfield>
    </datafield>
    <datafield tag="264" ind1=" " ind2="1">
      <subfield code="c">1974</subfield>
    </datafield>
    <datafield tag="490" ind1="1" ind2=" ">
      <subfield code="a">STANFORD STUDIES IN LANGUAGE AND LITERATURE. 23.</subfield>
      <subfield code="v">23</subfield>
    </datafield>
    <datafield tag="830" ind1=" " ind2="0">
      <subfield code="a">STANFORD STUDIES IN LANGUAGE AND LITERATURE. 23.</subfield>
      <subfield code="w">(DE-605)HT001248403</subfield>
      <subfield code="v">23</subfield>
      <subfield code="9">O:1</subfield>
    </datafield>
    <datafield tag="960" ind1="1" ind2=" ">
      <subfield code="b">alt</subfield>
    </datafield>
    <datafield tag="964" ind1="0" ind2="s">
      <subfield code="F">030</subfield>
      <subfield code="A">a|1uc||||||15</subfield>
    </datafield>
    <datafield tag="964" ind1="0" ind2="s">
      <subfield code="F">050</subfield>
      <subfield code="A">a|||||||||||||</subfield>
    </datafield>
    <datafield tag="964" ind1="0" ind2="s">
      <subfield code="F">051</subfield>
      <subfield code="A">s|||||||</subfield>
    </datafield>
    <datafield tag="MBD" ind1=" " ind2=" ">
      <subfield code="M">49HBZ_NETWORK</subfield>
      <subfield code="i">990059762910206441</subfield>
      <subfield code="n">HBZ Network</subfield>
    </datafield>
    <datafield tag="MBD" ind1=" " ind2=" ">
      <subfield code="M">49HBZ_WUP</subfield>
      <subfield code="i">990002270850206447</subfield>
      <subfield code="n">Bergische Universität Wuppertal</subfield>
    </datafield>
    <datafield tag="830" ind1=" " ind2="0">
      <subfield code="a">STANFORD STUDIES IN LANGUAGE AND LITERATURE. 23.</subfield>
      <subfield code="w">(DE-605)HT001248403</subfield>
      <subfield code="v">23</subfield>
      <subfield code="9">O:1</subfield>
      <subfield code="M">49HBZ_WUP</subfield>
    </datafield>
    <datafield tag="983" ind1=" " ind2=" ">
      <subfield code="b">DIQ</subfield>
      <subfield code="9">LOCAL</subfield>
      <subfield code="M">49HBZ_WUP</subfield>
    </datafield>
    <datafield tag="MBD" ind1=" " ind2=" ">
      <subfield code="M">49HBZ_UDE</subfield>
      <subfield code="i">990010398450206446</subfield>
      <subfield code="n">Universität Duisburg-Essen</subfield>
    </datafield>
    <datafield tag="830" ind1=" " ind2="0">
      <subfield code="a">STANFORD STUDIES IN LANGUAGE AND LITERATURE. 23.</subfield>
      <subfield code="w">(DE-605)HT001248403</subfield>
      <subfield code="v">23</subfield>
      <subfield code="9">O:1</subfield>
      <subfield code="M">49HBZ_UDE</subfield>
    </datafield>
    <datafield tag="983" ind1=" " ind2=" ">
      <subfield code="b">DIQ</subfield>
      <subfield code="9">LOCAL</subfield>
      <subfield code="M">49HBZ_UDE</subfield>
    </datafield>
    <datafield tag="MNG" ind1=" " ind2=" ">
      <subfield code="f">ILS</subfield>
      <subfield code="i">marc21</subfield>
      <subfield code="k">01</subfield>
      <subfield code="e">false</subfield>
      <subfield code="g">005976291-HBZ01</subfield>
      <subfield code="j">10</subfield>
      <subfield code="a">import</subfield>
      <subfield code="b">2020-07-17 03:20:01 Europe/Berlin</subfield>
    </datafield>
    <datafield tag="HOL" ind1=" " ind2=" ">
      <subfield code="b">2020-07-01 10:25:05</subfield>
      <subfield code="8">2233110920006447</subfield>
      <subfield code="M">49HBZ_WUP</subfield>
      <subfield code="g">false</subfield>
      <subfield code="a">import</subfield>
    </datafield>
    <datafield tag="HOL" ind1=" " ind2=" ">
      <subfield code="b">2020-07-01 10:25:05</subfield>
      <subfield code="8">2233110940006447</subfield>
      <subfield code="M">49HBZ_WUP</subfield>
      <subfield code="g">false</subfield>
      <subfield code="a">import</subfield>
    </datafield>
    <datafield tag="ITM" ind1=" " ind2=" ">
      <subfield code="H">2233110940006447</subfield>
      <subfield code="a">2333110930006447</subfield>
      <subfield code="s">1</subfield>
      <subfield code="p">11</subfield>
      <subfield code="c">DIQ1083</subfield>
      <subfield code="b">000642360000010</subfield>
      <subfield code="M">49HBZ_WUP</subfield>
    </datafield>
    <datafield tag="HOL" ind1=" " ind2=" ">
      <subfield code="b">2020-07-07 12:32:54</subfield>
      <subfield code="8">2262365720006446</subfield>
      <subfield code="M">49HBZ_UDE</subfield>
      <subfield code="g">false</subfield>
      <subfield code="a">import</subfield>
    </datafield>
    <datafield tag="HOL" ind1=" " ind2=" ">
      <subfield code="b">2020-07-07 12:32:54</subfield>
      <subfield code="8">2262365740006446</subfield>
      <subfield code="M">49HBZ_UDE</subfield>
      <subfield code="g">false</subfield>
      <subfield code="a">import</subfield>
    </datafield>
    <datafield tag="ITM" ind1=" " ind2=" ">
      <subfield code="H">2262365740006446</subfield>
      <subfield code="a">2362365730006446</subfield>
      <subfield code="s">1</subfield>
      <subfield code="p">10</subfield>
      <subfield code="c">DIQ1059_d</subfield>
      <subfield code="b">DE00564850</subfield>
      <subfield code="M">49HBZ_UDE</subfield>
    </datafield>
  </record>