
  <record>
    <leader>00000nam#a2200000#c#4500</leader>
    <controlfield tag="003">DE-605</controlfield>
    <controlfield tag="005">20170131084800.0</controlfield>
    <controlfield tag="007">tu</controlfield>
    <controlfield tag="008">080718|1981####xx############|||#|#####c</controlfield>
    <controlfield tag="009">TT002501982</controlfield>
    <controlfield tag="001">990167666980206441</controlfield>
    <datafield tag="035" ind1=" " ind2=" ">
      <subfield code="a">TT002501982</subfield>
    </datafield>
    <datafield tag="035" ind1=" " ind2=" ">
      <subfield code="a">(DE-605)TT002501982</subfield>
    </datafield>
    <datafield tag="035" ind1=" " ind2=" ">
      <subfield code="a">(ALEPHCCHBZ)016766698HBZ01</subfield>
    </datafield>
    <datafield tag="016" ind1="7" ind2=" ">
      <subfield code="a">886605524</subfield>
      <subfield code="2">OCoLC</subfield>
    </datafield>
    <datafield tag="035" ind1=" " ind2=" ">
      <subfield code="a">(OCoLC)886605524</subfield>
      <subfield code="0">(uri) http://www.worldcat.org/oclc/886605524</subfield>
    </datafield>
    <datafield tag="040" ind1=" " ind2=" ">
      <subfield code="a">Kn 3</subfield>
      <subfield code="b">ger</subfield>
      <subfield code="c">Kn 3</subfield>
      <subfield code="e">rakwb</subfield>
    </datafield>
    <datafield tag="245" ind1="0" ind2="0">
      <subfield code="a">VALOGATAS MAGYAR MAGANGYÜJTEMENYEKBÖL</subfield>
      <subfield code="b"> = SELECTIONS FROM HUNGARIAN PRIVATE COLLECTIONS</subfield>
    </datafield>
    <datafield tag="246" ind1="1" ind2="1">
      <subfield code="a">SELECTIONS FROM HUNGARIAN PRIVATE COLLECTIONS</subfield>
    </datafield>
    <datafield tag="249" ind1=" " ind2=" ">
      <subfield code="b">KAT.: BOGAR IMRE. OKT. - NOV. 1981 * MAGYAR NEMZETI GALERIA &lt;BUDAPEST&gt;</subfield>
    </datafield>
    <datafield tag="264" ind1=" " ind2="1">
      <subfield code="a">BUDAPEST</subfield>
      <subfield code="c">1981</subfield>
    </datafield>
    <datafield tag="300" ind1=" " ind2=" ">
      <subfield code="a">334 S. MIT ZAHLR. ABB.</subfield>
    </datafield>
    <datafield tag="500" ind1=" " ind2=" ">
      <subfield code="a">AUSSTELLUNGSKAT. - KAT. ENGL. U. UNGAR.</subfield>
      <subfield code="9">F:501</subfield>
    </datafield>
    <datafield tag="700" ind1="1" ind2=" ">
      <subfield code="a">BOGAR, IMRE</subfield>
      <subfield code="0">(DE-588)187668000</subfield>
      <subfield code="4">oth</subfield>
      <subfield code="e">[Bearb.]</subfield>
    </datafield>
    <datafield tag="710" ind1="2" ind2=" ">
      <subfield code="a">Magyar Nemzeti Galéria</subfield>
      <subfield code="0">(DE-588)2018679-4</subfield>
      <subfield code="4">oth</subfield>
      <subfield code="0">(uri) https://portal.dnb.de/opac.htm?method=simpleSearch&amp;cqlMode=true&amp;query=idn=004769236</subfield>
      <subfield code="0">(uri) http://viaf.org/viaf/sourceID/DNB|004769236</subfield>
    </datafield>
    <datafield tag="964" ind1="0" ind2="s">
      <subfield code="F">030</subfield>
      <subfield code="A">a|1uc||||||37</subfield>
    </datafield>
    <datafield tag="964" ind1="0" ind2="s">
      <subfield code="F">050</subfield>
      <subfield code="A">a|a|||||||||||</subfield>
    </datafield>
    <datafield tag="964" ind1="0" ind2="s">
      <subfield code="F">051</subfield>
      <subfield code="A">m|||||||</subfield>
    </datafield>
    <datafield tag="MBD" ind1=" " ind2=" ">
      <subfield code="M">49HBZ_NETWORK</subfield>
      <subfield code="i">990167666980206441</subfield>
      <subfield code="n">HBZ Network</subfield>
    </datafield>
    <datafield tag="MNG" ind1=" " ind2=" ">
      <subfield code="f">ILS</subfield>
      <subfield code="i">marc21</subfield>
      <subfield code="k">01</subfield>
      <subfield code="e">false</subfield>
      <subfield code="g">016766698-HBZ01</subfield>
      <subfield code="j">60</subfield>
      <subfield code="a">import</subfield>
      <subfield code="b">2020-07-16 12:23:10 Europe/Berlin</subfield>
    </datafield>
  </record>