
  <record>
    <leader>00000nam#a2200000#cb4500</leader>
    <controlfield tag="003">DE-605</controlfield>
    <controlfield tag="005">20151013093000.0</controlfield>
    <controlfield tag="007">tu</controlfield>
    <controlfield tag="008">990330|1926####xx############|||#|#ger#c</controlfield>
    <controlfield tag="009">HT010112291</controlfield>
    <controlfield tag="001">990073411310206441</controlfield>
    <datafield tag="035" ind1=" " ind2=" ">
      <subfield code="a">HT010112291</subfield>
    </datafield>
    <datafield tag="035" ind1=" " ind2=" ">
      <subfield code="a">(DE-605)HT010112291</subfield>
    </datafield>
    <datafield tag="035" ind1=" " ind2=" ">
      <subfield code="a">(ALEPHCCHBZ)007341131HBZ01</subfield>
    </datafield>
    <datafield tag="035" ind1=" " ind2=" ">
      <subfield code="a">(DE-599)HBZHT010112291</subfield>
    </datafield>
    <datafield tag="040" ind1=" " ind2=" ">
      <subfield code="a">HBZ/Off</subfield>
      <subfield code="b">ger</subfield>
      <subfield code="d">Kn 28</subfield>
      <subfield code="e">rakwb</subfield>
    </datafield>
    <datafield tag="041" ind1=" " ind2=" ">
      <subfield code="a">ger</subfield>
    </datafield>
    <datafield tag="044" ind1=" " ind2=" ">
      <subfield code="c">XA-DXDE</subfield>
    </datafield>
    <datafield tag="100" ind1="1" ind2=" ">
      <subfield code="a">Schwerber, Peter</subfield>
      <subfield code="0">(DE-588)101610203</subfield>
      <subfield code="4">aut</subfield>
    </datafield>
    <datafield tag="245" ind1="1" ind2="0">
      <subfield code="a">Moderne Technik und christliche Weltanschauung</subfield>
      <subfield code="c">von Schwerber</subfield>
    </datafield>
    <datafield tag="264" ind1=" " ind2="1">
      <subfield code="a">Bielefeld</subfield>
      <subfield code="b">Rennebohn &amp; Hausknecht</subfield>
      <subfield code="c">1926</subfield>
    </datafield>
    <datafield tag="300" ind1=" " ind2=" ">
      <subfield code="a">96 S.</subfield>
    </datafield>
    <datafield tag="490" ind1="1" ind2=" ">
      <subfield code="a">Schriftenreihe / Verband der Wissenschaftlichen Katholischen Studentenvereine Unitas</subfield>
      <subfield code="v">5</subfield>
    </datafield>
    <datafield tag="546" ind1=" " ind2=" ">
      <subfield code="b">In Fraktur</subfield>
    </datafield>
    <datafield tag="830" ind1=" " ind2="0">
      <subfield code="a">Schriftenreihe / Verband der Wissenschaftlichen Katholischen Studentenvereine Unitas</subfield>
      <subfield code="w">(DE-605)HT001266104</subfield>
      <subfield code="v">5</subfield>
      <subfield code="9">O:1</subfield>
    </datafield>
    <datafield tag="964" ind1="0" ind2="s">
      <subfield code="F">030</subfield>
      <subfield code="A">a|1uc||||||17</subfield>
    </datafield>
    <datafield tag="964" ind1="0" ind2="s">
      <subfield code="F">050</subfield>
      <subfield code="A">a|||||||||||||</subfield>
    </datafield>
    <datafield tag="964" ind1="0" ind2="s">
      <subfield code="F">051</subfield>
      <subfield code="A">s|||||||</subfield>
    </datafield>
    <datafield tag="MBD" ind1=" " ind2=" ">
      <subfield code="M">49HBZ_NETWORK</subfield>
      <subfield code="i">990073411310206441</subfield>
      <subfield code="n">HBZ Network</subfield>
    </datafield>
    <datafield tag="MNG" ind1=" " ind2=" ">
      <subfield code="f">ILS</subfield>
      <subfield code="i">marc21</subfield>
      <subfield code="k">01</subfield>
      <subfield code="e">false</subfield>
      <subfield code="g">007341131-HBZ01</subfield>
      <subfield code="j">60</subfield>
      <subfield code="a">import</subfield>
      <subfield code="b">2020-07-17 03:20:01 Europe/Berlin</subfield>
    </datafield>
  </record>