
  <record>
    <leader>00000nam#a2200000#cb4500</leader>
    <controlfield tag="003">DE-605</controlfield>
    <controlfield tag="005">20200214111600.0</controlfield>
    <controlfield tag="007">tu</controlfield>
    <controlfield tag="008">990911|1972####xx############|||#|#####c</controlfield>
    <controlfield tag="009">HT001065654</controlfield>
    <controlfield tag="001">990059759970206441</controlfield>
    <datafield tag="035" ind1=" " ind2=" ">
      <subfield code="a">HT001065654</subfield>
    </datafield>
    <datafield tag="035" ind1=" " ind2=" ">
      <subfield code="a">(DE-605)HT001065654</subfield>
    </datafield>
    <datafield tag="035" ind1=" " ind2=" ">
      <subfield code="a">(ALEPHCCHBZ)005975997HBZ01</subfield>
    </datafield>
    <datafield tag="016" ind1="7" ind2=" ">
      <subfield code="a">1067660231</subfield>
      <subfield code="2">OCoLC</subfield>
    </datafield>
    <datafield tag="035" ind1=" " ind2=" ">
      <subfield code="a">(OCoLC)1067660231</subfield>
      <subfield code="0">(uri) http://www.worldcat.org/oclc/1067660231</subfield>
    </datafield>
    <datafield tag="040" ind1=" " ind2=" ">
      <subfield code="a">HBZ/Off</subfield>
      <subfield code="b">ger</subfield>
      <subfield code="e">rakwb</subfield>
    </datafield>
    <datafield tag="245" ind1="0" ind2="0">
      <subfield code="a">MANAGEMENT-INFORMATIONSSYSTEME. BEITRAEGE AUS D. PRAXIS. HRSG.: PETER LINDEMANN UND KURT NAGEL</subfield>
    </datafield>
    <datafield tag="246" ind1="3" ind2=" ">
      <subfield code="a">MANAGEMENT-INFORMATIONSSYSTEME</subfield>
    </datafield>
    <datafield tag="264" ind1=" " ind2="1">
      <subfield code="a">NEUWIED</subfield>
      <subfield code="b">LUCHTERHAND</subfield>
      <subfield code="c">1972</subfield>
    </datafield>
    <datafield tag="300" ind1=" " ind2=" ">
      <subfield code="a">323 S.</subfield>
    </datafield>
    <datafield tag="490" ind1="1" ind2=" ">
      <subfield code="a">WIRTSCHAFTSFUEHRUNG, KYBERNETIK, DATENVERARBEITUNG. BD 11</subfield>
      <subfield code="v">11</subfield>
    </datafield>
    <datafield tag="700" ind1="1" ind2=" ">
      <subfield code="a">Lindemann, Peter</subfield>
      <subfield code="d">1917-</subfield>
      <subfield code="0">(DE-588)17222702X</subfield>
      <subfield code="4">oth</subfield>
      <subfield code="0">(uri) https://portal.dnb.de/opac.htm?method=simpleSearch&amp;cqlMode=true&amp;query=idn=17222702X</subfield>
      <subfield code="0">(uri) http://viaf.org/viaf/sourceID/DNB|17222702X</subfield>
    </datafield>
    <datafield tag="700" ind1="1" ind2=" ">
      <subfield code="a">Nagel, Kurt</subfield>
      <subfield code="0">(DE-588)105059579</subfield>
      <subfield code="4">oth</subfield>
    </datafield>
    <datafield tag="830" ind1=" " ind2="0">
      <subfield code="a">WIRTSCHAFTSFUEHRUNG, KYBERNETIK, DATENVERARBEITUNG. BD 11</subfield>
      <subfield code="w">(DE-605)HT001237991</subfield>
      <subfield code="v">11</subfield>
      <subfield code="9">O:1</subfield>
    </datafield>
    <datafield tag="960" ind1="1" ind2=" ">
      <subfield code="b">alt</subfield>
    </datafield>
    <datafield tag="960" ind1="1" ind2=" ">
      <subfield code="o">retro</subfield>
    </datafield>
    <datafield tag="964" ind1="0" ind2="s">
      <subfield code="F">030</subfield>
      <subfield code="A">a|1uc||||||35</subfield>
    </datafield>
    <datafield tag="964" ind1="0" ind2="s">
      <subfield code="F">050</subfield>
      <subfield code="A">a|||||||||||||</subfield>
    </datafield>
    <datafield tag="964" ind1="0" ind2="s">
      <subfield code="F">051</subfield>
      <subfield code="A">s|||||||</subfield>
    </datafield>
    <datafield tag="MBD" ind1=" " ind2=" ">
      <subfield code="M">49HBZ_NETWORK</subfield>
      <subfield code="i">990059759970206441</subfield>
      <subfield code="n">HBZ Network</subfield>
    </datafield>
    <datafield tag="MNG" ind1=" " ind2=" ">
      <subfield code="f">ILS</subfield>
      <subfield code="i">marc21</subfield>
      <subfield code="k">01</subfield>
      <subfield code="e">false</subfield>
      <subfield code="g">005975997-HBZ01</subfield>
      <subfield code="j">10</subfield>
      <subfield code="a">import</subfield>
      <subfield code="b">2020-07-17 03:20:01 Europe/Berlin</subfield>
    </datafield>
  </record>