
  <record>
    <leader>00000nam#a2200000#cb4500</leader>
    <controlfield tag="003">DE-605</controlfield>
    <controlfield tag="005">20120428114000.0</controlfield>
    <controlfield tag="007">tu</controlfield>
    <controlfield tag="008">990330|1973####xx############|||#|#####c</controlfield>
    <controlfield tag="009">HT010111297</controlfield>
    <controlfield tag="001">990073409010206441</controlfield>
    <datafield tag="035" ind1=" " ind2=" ">
      <subfield code="a">HT010111297</subfield>
    </datafield>
    <datafield tag="035" ind1=" " ind2=" ">
      <subfield code="a">(DE-605)HT010111297</subfield>
    </datafield>
    <datafield tag="035" ind1=" " ind2=" ">
      <subfield code="a">(ALEPHCCHBZ)007340901HBZ01</subfield>
    </datafield>
    <datafield tag="016" ind1="7" ind2=" ">
      <subfield code="a">1068590533</subfield>
      <subfield code="2">OCoLC</subfield>
    </datafield>
    <datafield tag="020" ind1=" " ind2=" ">
      <subfield code="a">3801610837</subfield>
      <subfield code="0">(uri) http://www.isbnsearch.org/isbn/3801610837</subfield>
    </datafield>
    <datafield tag="035" ind1=" " ind2=" ">
      <subfield code="a">(OCoLC)1068590533</subfield>
      <subfield code="0">(uri) http://www.worldcat.org/oclc/1068590533</subfield>
    </datafield>
    <datafield tag="040" ind1=" " ind2=" ">
      <subfield code="a">HBZ/Off</subfield>
      <subfield code="b">ger</subfield>
      <subfield code="e">rakwb</subfield>
    </datafield>
    <datafield tag="100" ind1="1" ind2=" ">
      <subfield code="a">Schweers, Ludwig</subfield>
      <subfield code="0">(DE-588)107432374</subfield>
      <subfield code="4">aut</subfield>
    </datafield>
    <datafield tag="245" ind1="1" ind2="0">
      <subfield code="a">&lt;&lt;Das&gt;&gt; neue Waffenrecht</subfield>
      <subfield code="b">ein Leitfaden für Schule u. Praxis</subfield>
      <subfield code="c">von Ludwig Schweers u. Heinz Gerards</subfield>
    </datafield>
    <datafield tag="250" ind1=" " ind2=" ">
      <subfield code="a">3. neu bearb. Aufl.</subfield>
    </datafield>
    <datafield tag="264" ind1=" " ind2="1">
      <subfield code="a">Lübeck</subfield>
      <subfield code="b">Verl. für polizeiliches Fachschrifttum</subfield>
      <subfield code="c">[1973]</subfield>
    </datafield>
    <datafield tag="300" ind1=" " ind2=" ">
      <subfield code="a">285 S. ; 8-o</subfield>
    </datafield>
    <datafield tag="490" ind1="0" ind2=" ">
      <subfield code="a">Kleine Polizei-Bücherei</subfield>
      <subfield code="v">Bd 20</subfield>
    </datafield>
    <datafield tag="700" ind1="1" ind2=" ">
      <subfield code="a">Gerards, Heinz</subfield>
      <subfield code="0">(DE-588)107872595</subfield>
      <subfield code="4">aut</subfield>
    </datafield>
    <datafield tag="830" ind1=" " ind2="0">
      <subfield code="a">Kleine Polizei-Bücherei</subfield>
      <subfield code="v">20</subfield>
      <subfield code="9">O:1</subfield>
    </datafield>
    <datafield tag="960" ind1="1" ind2=" ">
      <subfield code="b">uoov</subfield>
    </datafield>
    <datafield tag="960" ind1="1" ind2=" ">
      <subfield code="o">retro</subfield>
    </datafield>
    <datafield tag="964" ind1="0" ind2="s">
      <subfield code="F">030</subfield>
      <subfield code="A">e|1uc||||||17</subfield>
    </datafield>
    <datafield tag="964" ind1="0" ind2="s">
      <subfield code="F">050</subfield>
      <subfield code="A">a|||||||||||||</subfield>
    </datafield>
    <datafield tag="964" ind1="0" ind2="s">
      <subfield code="F">051</subfield>
      <subfield code="A">s|||||||</subfield>
    </datafield>
    <datafield tag="MBD" ind1=" " ind2=" ">
      <subfield code="M">49HBZ_NETWORK</subfield>
      <subfield code="i">990073409010206441</subfield>
      <subfield code="n">HBZ Network</subfield>
    </datafield>
    <datafield tag="MNG" ind1=" " ind2=" ">
      <subfield code="f">ILS</subfield>
      <subfield code="i">marc21</subfield>
      <subfield code="k">01</subfield>
      <subfield code="e">false</subfield>
      <subfield code="g">007340901-HBZ01</subfield>
      <subfield code="j">50</subfield>
      <subfield code="a">import</subfield>
      <subfield code="b">2020-07-17 03:20:01 Europe/Berlin</subfield>
    </datafield>
  </record>