
  <record>
    <leader>00000nam#a2200000#a#4500</leader>
    <controlfield tag="003">DE-605</controlfield>
    <controlfield tag="005">20120428154400.0</controlfield>
    <controlfield tag="007">tu</controlfield>
    <controlfield tag="008">040127|2004####xxu###########|||#|#eng#c</controlfield>
    <controlfield tag="009">HT013905682</controlfield>
    <controlfield tag="001">990124537590206441</controlfield>
    <datafield tag="035" ind1=" " ind2=" ">
      <subfield code="a">HT013905682</subfield>
    </datafield>
    <datafield tag="035" ind1=" " ind2=" ">
      <subfield code="a">(DE-605)HT013905682</subfield>
    </datafield>
    <datafield tag="035" ind1=" " ind2=" ">
      <subfield code="a">(ALEPHCCHBZ)012453759HBZ01</subfield>
    </datafield>
    <datafield tag="015" ind1=" " ind2=" ">
      <subfield code="a">bA3U8112</subfield>
      <subfield code="2">dnb</subfield>
    </datafield>
    <datafield tag="016" ind1="7" ind2=" ">
      <subfield code="a">249579675</subfield>
      <subfield code="2">OCoLC</subfield>
    </datafield>
    <datafield tag="020" ind1=" " ind2=" ">
      <subfield code="a">0471266566</subfield>
      <subfield code="0">(uri) http://www.isbnsearch.org/isbn/0471266566</subfield>
    </datafield>
    <datafield tag="035" ind1=" " ind2=" ">
      <subfield code="a">(OCoLC)249579675</subfield>
      <subfield code="0">(uri) http://www.worldcat.org/oclc/249579675</subfield>
    </datafield>
    <datafield tag="040" ind1=" " ind2=" ">
      <subfield code="a">38</subfield>
      <subfield code="b">ger</subfield>
      <subfield code="c">292</subfield>
      <subfield code="d">38</subfield>
      <subfield code="e">aacr</subfield>
    </datafield>
    <datafield tag="041" ind1=" " ind2=" ">
      <subfield code="a">eng</subfield>
    </datafield>
    <datafield tag="044" ind1=" " ind2=" ">
      <subfield code="c">XD-US</subfield>
    </datafield>
    <datafield tag="100" ind1="1" ind2=" ">
      <subfield code="a">Gaughan, Patrick A.</subfield>
      <subfield code="0">(DE-588)154501123</subfield>
      <subfield code="4">aut</subfield>
    </datafield>
    <datafield tag="245" ind1="1" ind2="0">
      <subfield code="a">Measuring business</subfield>
      <subfield code="b">interruption losses and other commercial damages</subfield>
      <subfield code="c">Patrick A. Gaughan</subfield>
    </datafield>
    <datafield tag="264" ind1=" " ind2="1">
      <subfield code="a">Hoboken, NJ</subfield>
      <subfield code="b">Wiley</subfield>
      <subfield code="c">2004</subfield>
    </datafield>
    <datafield tag="300" ind1=" " ind2=" ">
      <subfield code="a">XIV, 466 S. : graph. Darst.</subfield>
    </datafield>
    <datafield tag="964" ind1="0" ind2="s">
      <subfield code="F">030</subfield>
      <subfield code="A">a|1ukz|z|||17</subfield>
    </datafield>
    <datafield tag="964" ind1="0" ind2="s">
      <subfield code="F">050</subfield>
      <subfield code="A">a|a|||||||||||</subfield>
    </datafield>
    <datafield tag="964" ind1="0" ind2="s">
      <subfield code="F">051</subfield>
      <subfield code="A">m|||||||</subfield>
    </datafield>
    <datafield tag="MBD" ind1=" " ind2=" ">
      <subfield code="M">49HBZ_NETWORK</subfield>
      <subfield code="i">990124537590206441</subfield>
      <subfield code="n">HBZ Network</subfield>
    </datafield>
    <datafield tag="MNG" ind1=" " ind2=" ">
      <subfield code="f">ILS</subfield>
      <subfield code="i">marc21</subfield>
      <subfield code="k">01</subfield>
      <subfield code="e">false</subfield>
      <subfield code="g">012453759-HBZ01</subfield>
      <subfield code="j">60</subfield>
      <subfield code="a">import</subfield>
      <subfield code="b">2020-07-17 03:20:01 Europe/Berlin</subfield>
    </datafield>
  </record>