
  <record>
    <leader>00000nam#a2200000#c#4500</leader>
    <controlfield tag="003">DE-605</controlfield>
    <controlfield tag="005">20190802220700.0</controlfield>
    <controlfield tag="007">tu</controlfield>
    <controlfield tag="008">980112|1720####gw############|||#|#####c</controlfield>
    <controlfield tag="009">HT007829376</controlfield>
    <controlfield tag="001">990030478870206441</controlfield>
    <datafield tag="035" ind1=" " ind2=" ">
      <subfield code="a">HT007829376</subfield>
    </datafield>
    <datafield tag="035" ind1=" " ind2=" ">
      <subfield code="a">(DE-605)HT007829376</subfield>
    </datafield>
    <datafield tag="035" ind1=" " ind2=" ">
      <subfield code="a">(ALEPHCCHBZ)003047887HBZ01</subfield>
    </datafield>
    <datafield tag="040" ind1=" " ind2=" ">
      <subfield code="a">NRW</subfield>
      <subfield code="b">ger</subfield>
      <subfield code="e">rakwb</subfield>
    </datafield>
    <datafield tag="044" ind1=" " ind2=" ">
      <subfield code="c">XA-DE</subfield>
    </datafield>
    <datafield tag="245" ind1="0" ind2="0">
      <subfield code="a">Nachdem Ihre Hochfürstl. Durchl. zu Münster und Paderborn ... vernommen ... welcher gestalt ... Fleischhawer-Ambts-Genossen ... beym Verkauff ... sich ohnbescheiden auffführen ... ob seye ... kein füglicheres Mittel ... außzufinden gewesen als jedermänniglichen ... die ... Freyheit ... zu ertheilen in hiesiger Stadt das Fleisch frey ... zu verkauffen ...</subfield>
      <subfield code="b">... Münster den 22. Februarii 1720. Clement August</subfield>
    </datafield>
    <datafield tag="246" ind1="3" ind2="0">
      <subfield code="a">verkauf</subfield>
    </datafield>
    <datafield tag="264" ind1=" " ind2="1">
      <subfield code="a">[S.l.]</subfield>
      <subfield code="c">1720</subfield>
    </datafield>
    <datafield tag="300" ind1=" " ind2=" ">
      <subfield code="a">[1] Bl. ; 1-o</subfield>
    </datafield>
    <datafield tag="700" ind1="0" ind2=" ">
      <subfield code="a">Clemens August</subfield>
      <subfield code="b">I.</subfield>
      <subfield code="c">Köln, Erzbischof</subfield>
      <subfield code="d">1700-1761</subfield>
      <subfield code="0">(DE-588)118634224</subfield>
      <subfield code="4">oth</subfield>
      <subfield code="0">(uri) https://portal.dnb.de/opac.htm?method=simpleSearch&amp;cqlMode=true&amp;query=idn=118634224</subfield>
      <subfield code="0">(uri) http://viaf.org/viaf/sourceID/DNB|118634224</subfield>
    </datafield>
    <datafield tag="964" ind1="0" ind2="s">
      <subfield code="F">030</subfield>
      <subfield code="A">a|1uc||||||37</subfield>
    </datafield>
    <datafield tag="964" ind1="0" ind2="s">
      <subfield code="F">050</subfield>
      <subfield code="A">a|||||||||||||</subfield>
    </datafield>
    <datafield tag="964" ind1="0" ind2="s">
      <subfield code="F">051</subfield>
      <subfield code="A">m|||||||</subfield>
    </datafield>
    <datafield tag="MBD" ind1=" " ind2=" ">
      <subfield code="M">49HBZ_NETWORK</subfield>
      <subfield code="i">990030478870206441</subfield>
      <subfield code="n">HBZ Network</subfield>
    </datafield>
    <datafield tag="MNG" ind1=" " ind2=" ">
      <subfield code="f">ILS</subfield>
      <subfield code="i">marc21</subfield>
      <subfield code="k">01</subfield>
      <subfield code="e">false</subfield>
      <subfield code="g">003047887-HBZ01</subfield>
      <subfield code="j">60</subfield>
      <subfield code="a">import</subfield>
      <subfield code="b">2020-07-16 12:23:10 Europe/Berlin</subfield>
    </datafield>
  </record>