
  <record>
    <leader>00000nam#a2200000#c#4500</leader>
    <controlfield tag="003">DE-605</controlfield>
    <controlfield tag="005">20170131084200.0</controlfield>
    <controlfield tag="007">tu</controlfield>
    <controlfield tag="008">080718|1983####xx############|||#|#####c</controlfield>
    <controlfield tag="009">TT002502162</controlfield>
    <controlfield tag="001">990167668780206441</controlfield>
    <datafield tag="035" ind1=" " ind2=" ">
      <subfield code="a">TT002502162</subfield>
    </datafield>
    <datafield tag="035" ind1=" " ind2=" ">
      <subfield code="a">(DE-605)TT002502162</subfield>
    </datafield>
    <datafield tag="035" ind1=" " ind2=" ">
      <subfield code="a">(ALEPHCCHBZ)016766878HBZ01</subfield>
    </datafield>
    <datafield tag="016" ind1="7" ind2=" ">
      <subfield code="a">1075317913</subfield>
      <subfield code="2">OCoLC</subfield>
    </datafield>
    <datafield tag="035" ind1=" " ind2=" ">
      <subfield code="a">(OCoLC)1075317913</subfield>
      <subfield code="0">(uri) http://www.worldcat.org/oclc/1075317913</subfield>
    </datafield>
    <datafield tag="040" ind1=" " ind2=" ">
      <subfield code="a">Kn 3</subfield>
      <subfield code="b">ger</subfield>
      <subfield code="c">Kn 3</subfield>
      <subfield code="e">rakwb</subfield>
    </datafield>
    <datafield tag="245" ind1="0" ind2="0">
      <subfield code="a">EMPREINTE, GESTE, SURFACE</subfield>
    </datafield>
    <datafield tag="249" ind1=" " ind2=" ">
      <subfield code="b">10 JUIN - 14 SEPT. 1983 * REFECTOIRE DES JACOBINS &lt;TOULOUSE&gt;. MUSEE DECALE</subfield>
    </datafield>
    <datafield tag="264" ind1=" " ind2="1">
      <subfield code="a">TOULOUSE</subfield>
      <subfield code="c">1983</subfield>
    </datafield>
    <datafield tag="300" ind1=" " ind2=" ">
      <subfield code="a">67 S. MIT ABB., TEILS FARB.</subfield>
    </datafield>
    <datafield tag="500" ind1=" " ind2=" ">
      <subfield code="a">UMSCHLAGT. : LE MUSEE DECALE. - AUSSTELLUNGSKAT.</subfield>
      <subfield code="9">F:501</subfield>
    </datafield>
    <datafield tag="710" ind1="2" ind2=" ">
      <subfield code="a">Refectoire des Jacobins</subfield>
      <subfield code="g">Toulouse</subfield>
      <subfield code="0">(DE-588)16313575-7</subfield>
      <subfield code="4">oth</subfield>
      <subfield code="0">(uri) https://portal.dnb.de/opac.htm?method=simpleSearch&amp;cqlMode=true&amp;query=idn=05633026X</subfield>
      <subfield code="0">(uri) http://viaf.org/viaf/sourceID/DNB|05633026X</subfield>
    </datafield>
    <datafield tag="710" ind1="2" ind2=" ">
      <subfield code="a">Musee decale</subfield>
      <subfield code="0">(DE-588)16312123-0</subfield>
      <subfield code="4">oth</subfield>
      <subfield code="0">(uri) https://portal.dnb.de/opac.htm?method=simpleSearch&amp;cqlMode=true&amp;query=idn=056315740</subfield>
      <subfield code="0">(uri) http://viaf.org/viaf/sourceID/DNB|056315740</subfield>
    </datafield>
    <datafield tag="964" ind1="0" ind2="s">
      <subfield code="F">030</subfield>
      <subfield code="A">a|1uc||||||37</subfield>
    </datafield>
    <datafield tag="964" ind1="0" ind2="s">
      <subfield code="F">050</subfield>
      <subfield code="A">a|a|||||||||||</subfield>
    </datafield>
    <datafield tag="964" ind1="0" ind2="s">
      <subfield code="F">051</subfield>
      <subfield code="A">m|||||||</subfield>
    </datafield>
    <datafield tag="MBD" ind1=" " ind2=" ">
      <subfield code="M">49HBZ_NETWORK</subfield>
      <subfield code="i">990167668780206441</subfield>
      <subfield code="n">HBZ Network</subfield>
    </datafield>
    <datafield tag="MNG" ind1=" " ind2=" ">
      <subfield code="f">ILS</subfield>
      <subfield code="i">marc21</subfield>
      <subfield code="k">01</subfield>
      <subfield code="e">false</subfield>
      <subfield code="g">016766878-HBZ01</subfield>
      <subfield code="j">60</subfield>
      <subfield code="a">import</subfield>
      <subfield code="b">2020-07-16 12:23:10 Europe/Berlin</subfield>
    </datafield>
  </record>