
  <record>
    <leader>00000nam#a2200000#cb4500</leader>
    <controlfield tag="003">DE-605</controlfield>
    <controlfield tag="005">20120428091100.0</controlfield>
    <controlfield tag="007">tu</controlfield>
    <controlfield tag="008">840831|1968####xx############|||#|#####c</controlfield>
    <controlfield tag="009">HT001066638</controlfield>
    <controlfield tag="001">990059767510206441</controlfield>
    <datafield tag="035" ind1=" " ind2=" ">
      <subfield code="a">HT001066638</subfield>
    </datafield>
    <datafield tag="035" ind1=" " ind2=" ">
      <subfield code="a">(DE-605)HT001066638</subfield>
    </datafield>
    <datafield tag="035" ind1=" " ind2=" ">
      <subfield code="a">(ALEPHCCHBZ)005976751HBZ01</subfield>
    </datafield>
    <datafield tag="035" ind1=" " ind2=" ">
      <subfield code="a">(DE-599)HBZHT001066638</subfield>
    </datafield>
    <datafield tag="040" ind1=" " ind2=" ">
      <subfield code="a">HBZ/Off</subfield>
      <subfield code="b">ger</subfield>
      <subfield code="d">467</subfield>
      <subfield code="e">rakwb</subfield>
    </datafield>
    <datafield tag="100" ind1="1" ind2=" ">
      <subfield code="a">Petrov, Jurij P.</subfield>
      <subfield code="0">(DE-588)135650674</subfield>
      <subfield code="4">aut</subfield>
      <subfield code="0">(uri) https://portal.dnb.de/opac.htm?method=simpleSearch&amp;cqlMode=true&amp;query=idn=135650674</subfield>
      <subfield code="0">(uri) http://viaf.org/viaf/sourceID/DNB|135650674</subfield>
    </datafield>
    <datafield tag="245" ind1="1" ind2="0">
      <subfield code="a">VARIATIONAL METHODS IN OPTIMUM CONTROL THEORY (VARIATSIONNYE METODY TEORII OPTIMAL'NOGO UPRAVLENIYA, ENGL.). TRANSL. BY M. D. FRIEDMAN. VON JU. P. PETROV. NEW YORK: ACADEMIC PR. 1968. IX, 216 S.</subfield>
    </datafield>
    <datafield tag="246" ind1="3" ind2=" ">
      <subfield code="a">VARIATIONAL METHODS IN OPTIMUM CONTROL THEORY</subfield>
    </datafield>
    <datafield tag="246" ind1="3" ind2=" ">
      <subfield code="a">VARIATSIONNYE METODY TEORII OPTIMALNOGO UPRAVLENIYA &lt;ENGL.&gt;</subfield>
    </datafield>
    <datafield tag="264" ind1=" " ind2="1">
      <subfield code="c">1968</subfield>
    </datafield>
    <datafield tag="490" ind1="1" ind2=" ">
      <subfield code="a">MATHEMATICS IN SCIENCE AND ENGINEERING. VOL. 45.</subfield>
      <subfield code="v">45</subfield>
    </datafield>
    <datafield tag="830" ind1=" " ind2="0">
      <subfield code="a">MATHEMATICS IN SCIENCE AND ENGINEERING. VOL. 45.</subfield>
      <subfield code="w">(DE-605)HT001245849</subfield>
      <subfield code="v">45</subfield>
      <subfield code="9">O:1</subfield>
    </datafield>
    <datafield tag="960" ind1="1" ind2=" ">
      <subfield code="b">alt</subfield>
    </datafield>
    <datafield tag="964" ind1="0" ind2="s">
      <subfield code="F">030</subfield>
      <subfield code="A">a|1uc||||||15</subfield>
    </datafield>
    <datafield tag="964" ind1="0" ind2="s">
      <subfield code="F">050</subfield>
      <subfield code="A">a|||||||||||||</subfield>
    </datafield>
    <datafield tag="964" ind1="0" ind2="s">
      <subfield code="F">051</subfield>
      <subfield code="A">s|||||||</subfield>
    </datafield>
    <datafield tag="MBD" ind1=" " ind2=" ">
      <subfield code="M">49HBZ_NETWORK</subfield>
      <subfield code="i">990059767510206441</subfield>
      <subfield code="n">HBZ Network</subfield>
    </datafield>
    <datafield tag="MBD" ind1=" " ind2=" ">
      <subfield code="M">49HBZ_WUP</subfield>
      <subfield code="i">990002274480206447</subfield>
      <subfield code="n">Bergische Universität Wuppertal</subfield>
    </datafield>
    <datafield tag="830" ind1=" " ind2="0">
      <subfield code="a">MATHEMATICS IN SCIENCE AND ENGINEERING. VOL. 45.</subfield>
      <subfield code="w">(DE-605)HT001245849</subfield>
      <subfield code="v">45</subfield>
      <subfield code="9">O:1</subfield>
      <subfield code="M">49HBZ_WUP</subfield>
    </datafield>
    <datafield tag="983" ind1=" " ind2=" ">
      <subfield code="b">TIQ</subfield>
      <subfield code="9">LOCAL</subfield>
      <subfield code="M">49HBZ_WUP</subfield>
    </datafield>
    <datafield tag="MNG" ind1=" " ind2=" ">
      <subfield code="f">ILS</subfield>
      <subfield code="i">marc21</subfield>
      <subfield code="k">01</subfield>
      <subfield code="e">false</subfield>
      <subfield code="g">005976751-HBZ01</subfield>
      <subfield code="j">10</subfield>
      <subfield code="a">import</subfield>
      <subfield code="b">2020-07-17 03:20:02 Europe/Berlin</subfield>
    </datafield>
    <datafield tag="HOL" ind1=" " ind2=" ">
      <subfield code="b">2020-07-01 08:58:16</subfield>
      <subfield code="8">224174220006447</subfield>
      <subfield code="M">49HBZ_WUP</subfield>
      <subfield code="g">false</subfield>
      <subfield code="a">import</subfield>
    </datafield>
    <datafield tag="HOL" ind1=" " ind2=" ">
      <subfield code="b">2020-07-01 08:58:16</subfield>
      <subfield code="8">224174240006447</subfield>
      <subfield code="M">49HBZ_WUP</subfield>
      <subfield code="g">false</subfield>
      <subfield code="a">import</subfield>
    </datafield>
    <datafield tag="ITM" ind1=" " ind2=" ">
      <subfield code="H">224174240006447</subfield>
      <subfield code="a">234174230006447</subfield>
      <subfield code="s">1</subfield>
      <subfield code="p">11</subfield>
      <subfield code="c">TIQ1251</subfield>
      <subfield code="b">000642722000010</subfield>
      <subfield code="M">49HBZ_WUP</subfield>
    </datafield>
  </record>