
  <record>
    <leader>00000nam#a2200000#cb4500</leader>
    <controlfield tag="003">DE-605</controlfield>
    <controlfield tag="005">20000128000000.0</controlfield>
    <controlfield tag="007">tu</controlfield>
    <controlfield tag="008">990330|1961####xx############|||#|#####c</controlfield>
    <controlfield tag="009">HT010111712</controlfield>
    <controlfield tag="001">990073410050206441</controlfield>
    <datafield tag="035" ind1=" " ind2=" ">
      <subfield code="a">HT010111712</subfield>
    </datafield>
    <datafield tag="035" ind1=" " ind2=" ">
      <subfield code="a">(DE-605)HT010111712</subfield>
    </datafield>
    <datafield tag="035" ind1=" " ind2=" ">
      <subfield code="a">(ALEPHCCHBZ)007341005HBZ01</subfield>
    </datafield>
    <datafield tag="040" ind1=" " ind2=" ">
      <subfield code="a">HBZ/Off</subfield>
      <subfield code="b">ger</subfield>
      <subfield code="e">rakwb</subfield>
    </datafield>
    <datafield tag="245" ind1="0" ind2="0">
      <subfield code="a">&lt;&lt;Die&gt;&gt; Schweiz und das Jungendbuch</subfield>
    </datafield>
    <datafield tag="264" ind1=" " ind2="1">
      <subfield code="a">[München]</subfield>
      <subfield code="b">[Juventa-Verl.]</subfield>
      <subfield code="c">1961</subfield>
    </datafield>
    <datafield tag="300" ind1=" " ind2=" ">
      <subfield code="a">S. 481 - 542 ; 8-o</subfield>
    </datafield>
    <datafield tag="490" ind1="0" ind2=" ">
      <subfield code="a">Jugentliteratur</subfield>
      <subfield code="v">Jg. [7]. 1961, H. 11. Sonderh.</subfield>
    </datafield>
    <datafield tag="830" ind1=" " ind2="0">
      <subfield code="a">Jugentliteratur</subfield>
      <subfield code="v">7</subfield>
      <subfield code="9">O:1</subfield>
    </datafield>
    <datafield tag="960" ind1="1" ind2=" ">
      <subfield code="b">uoov</subfield>
    </datafield>
    <datafield tag="960" ind1="1" ind2=" ">
      <subfield code="o">retro</subfield>
    </datafield>
    <datafield tag="964" ind1="0" ind2="s">
      <subfield code="F">030</subfield>
      <subfield code="A">e|1uc||||||37</subfield>
    </datafield>
    <datafield tag="964" ind1="0" ind2="s">
      <subfield code="F">050</subfield>
      <subfield code="A">a|||||||||||||</subfield>
    </datafield>
    <datafield tag="964" ind1="0" ind2="s">
      <subfield code="F">051</subfield>
      <subfield code="A">s|||||||</subfield>
    </datafield>
    <datafield tag="MBD" ind1=" " ind2=" ">
      <subfield code="M">49HBZ_NETWORK</subfield>
      <subfield code="i">990073410050206441</subfield>
      <subfield code="n">HBZ Network</subfield>
    </datafield>
    <datafield tag="MNG" ind1=" " ind2=" ">
      <subfield code="f">ILS</subfield>
      <subfield code="i">marc21</subfield>
      <subfield code="k">01</subfield>
      <subfield code="e">false</subfield>
      <subfield code="g">007341005-HBZ01</subfield>
      <subfield code="j">50</subfield>
      <subfield code="a">import</subfield>
      <subfield code="b">2020-07-17 03:20:02 Europe/Berlin</subfield>
    </datafield>
  </record>