
  <record>
    <leader>00000nam#a2200000#cb4500</leader>
    <controlfield tag="003">DE-605</controlfield>
    <controlfield tag="005">20170331183200.0</controlfield>
    <controlfield tag="007">tu</controlfield>
    <controlfield tag="008">971108|1971####xxu###########|||#|#eng#c</controlfield>
    <controlfield tag="009">HT001066616</controlfield>
    <controlfield tag="001">990059767330206441</controlfield>
    <datafield tag="035" ind1=" " ind2=" ">
      <subfield code="a">HT001066616</subfield>
    </datafield>
    <datafield tag="035" ind1=" " ind2=" ">
      <subfield code="a">(DE-605)HT001066616</subfield>
    </datafield>
    <datafield tag="035" ind1=" " ind2=" ">
      <subfield code="a">(ALEPHCCHBZ)005976733HBZ01</subfield>
    </datafield>
    <datafield tag="016" ind1="7" ind2=" ">
      <subfield code="a">251499630</subfield>
      <subfield code="2">OCoLC</subfield>
    </datafield>
    <datafield tag="035" ind1=" " ind2=" ">
      <subfield code="a">(OCoLC)251499630</subfield>
      <subfield code="0">(uri) http://www.worldcat.org/oclc/251499630</subfield>
    </datafield>
    <datafield tag="040" ind1=" " ind2=" ">
      <subfield code="a">468</subfield>
      <subfield code="b">ger</subfield>
      <subfield code="e">rakwb</subfield>
    </datafield>
    <datafield tag="041" ind1=" " ind2=" ">
      <subfield code="a">eng</subfield>
    </datafield>
    <datafield tag="044" ind1=" " ind2=" ">
      <subfield code="c">XD-US</subfield>
    </datafield>
    <datafield tag="100" ind1="1" ind2=" ">
      <subfield code="a">Bałaban, Tadeusz</subfield>
      <subfield code="0">(DE-588)151014612</subfield>
      <subfield code="4">aut</subfield>
    </datafield>
    <datafield tag="245" ind1="1" ind2="0">
      <subfield code="a">On the mixed problem for a hyperbolic equation</subfield>
      <subfield code="c">by Tadeusz Bałaban</subfield>
    </datafield>
    <datafield tag="264" ind1=" " ind2="1">
      <subfield code="a">Providence, R.I.</subfield>
      <subfield code="b">American Mathematical Society</subfield>
      <subfield code="c">1971</subfield>
    </datafield>
    <datafield tag="300" ind1=" " ind2=" ">
      <subfield code="a">117 S.</subfield>
    </datafield>
    <datafield tag="490" ind1="1" ind2=" ">
      <subfield code="a">Memoirs of the American Mathematical Society</subfield>
      <subfield code="v">112</subfield>
    </datafield>
    <datafield tag="830" ind1=" " ind2="0">
      <subfield code="a">Memoirs of the American Mathematical Society</subfield>
      <subfield code="w">(DE-605)HT001233099</subfield>
      <subfield code="v">112</subfield>
      <subfield code="9">O:1</subfield>
    </datafield>
    <datafield tag="960" ind1="1" ind2=" ">
      <subfield code="o">retro</subfield>
    </datafield>
    <datafield tag="964" ind1="0" ind2="s">
      <subfield code="F">030</subfield>
      <subfield code="A">a|1uc||||||17</subfield>
    </datafield>
    <datafield tag="964" ind1="0" ind2="s">
      <subfield code="F">050</subfield>
      <subfield code="A">a|||||||||||||</subfield>
    </datafield>
    <datafield tag="964" ind1="0" ind2="s">
      <subfield code="F">051</subfield>
      <subfield code="A">s|||||||</subfield>
    </datafield>
    <datafield tag="MBD" ind1=" " ind2=" ">
      <subfield code="M">49HBZ_NETWORK</subfield>
      <subfield code="i">990059767330206441</subfield>
      <subfield code="n">HBZ Network</subfield>
    </datafield>
    <datafield tag="MBD" ind1=" " ind2=" ">
      <subfield code="M">49HBZ_WUP</subfield>
      <subfield code="i">990002274340206447</subfield>
      <subfield code="n">Bergische Universität Wuppertal</subfield>
    </datafield>
    <datafield tag="830" ind1=" " ind2="0">
      <subfield code="a">Memoirs of the American Mathematical Society</subfield>
      <subfield code="w">(DE-605)HT001233099</subfield>
      <subfield code="v">112</subfield>
      <subfield code="9">O:1</subfield>
      <subfield code="M">49HBZ_WUP</subfield>
    </datafield>
    <datafield tag="983" ind1=" " ind2=" ">
      <subfield code="b">TBR</subfield>
      <subfield code="9">LOCAL</subfield>
      <subfield code="M">49HBZ_WUP</subfield>
    </datafield>
    <datafield tag="MBD" ind1=" " ind2=" ">
      <subfield code="M">49HBZ_UBD</subfield>
      <subfield code="i">991003794649706445</subfield>
      <subfield code="n">Technische Universitaet Dortmund</subfield>
    </datafield>
    <datafield tag="830" ind1=" " ind2="0">
      <subfield code="a">Memoirs of the American Mathematical Society</subfield>
      <subfield code="w">(DE-605)HT001233099</subfield>
      <subfield code="v">112</subfield>
      <subfield code="9">O:1</subfield>
      <subfield code="M">49HBZ_UBD</subfield>
    </datafield>
    <datafield tag="980" ind1="1" ind2=" ">
      <subfield code="9">LOCAL</subfield>
      <subfield code="e">HBZ</subfield>
      <subfield code="M">49HBZ_UBD</subfield>
    </datafield>
    <datafield tag="981" ind1=" " ind2=" ">
      <subfield code="9">LOCAL</subfield>
      <subfield code="a">(DE-290)115028</subfield>
      <subfield code="M">49HBZ_UBD</subfield>
    </datafield>
    <datafield tag="997" ind1=" " ind2=" ">
      <subfield code="9">LOCAL</subfield>
      <subfield code="a">19990727</subfield>
      <subfield code="M">49HBZ_UBD</subfield>
    </datafield>
    <datafield tag="MBD" ind1=" " ind2=" ">
      <subfield code="M">49HBZ_BIE</subfield>
      <subfield code="i">991007095519706442</subfield>
      <subfield code="n">Universität Bielefeld</subfield>
    </datafield>
    <datafield tag="830" ind1=" " ind2="0">
      <subfield code="a">Memoirs of the American Mathematical Society</subfield>
      <subfield code="w">(DE-605)HT001233099</subfield>
      <subfield code="v">112</subfield>
      <subfield code="9">O:1</subfield>
      <subfield code="M">49HBZ_BIE</subfield>
    </datafield>
    <datafield tag="980" ind1="1" ind2=" ">
      <subfield code="9">LOCAL</subfield>
      <subfield code="e">HBZ</subfield>
      <subfield code="M">49HBZ_BIE</subfield>
    </datafield>
    <datafield tag="981" ind1=" " ind2=" ">
      <subfield code="9">LOCAL</subfield>
      <subfield code="a">(DE-361)153430</subfield>
      <subfield code="M">49HBZ_BIE</subfield>
    </datafield>
    <datafield tag="997" ind1=" " ind2=" ">
      <subfield code="9">LOCAL</subfield>
      <subfield code="a">20020120</subfield>
      <subfield code="M">49HBZ_BIE</subfield>
    </datafield>
    <datafield tag="MBD" ind1=" " ind2=" ">
      <subfield code="M">49HBZ_UDE</subfield>
      <subfield code="i">990001905740206446</subfield>
      <subfield code="n">Universität Duisburg-Essen</subfield>
    </datafield>
    <datafield tag="830" ind1=" " ind2="0">
      <subfield code="a">Memoirs of the American Mathematical Society</subfield>
      <subfield code="w">(DE-605)HT001233099</subfield>
      <subfield code="v">112</subfield>
      <subfield code="9">O:1</subfield>
      <subfield code="M">49HBZ_UDE</subfield>
    </datafield>
    <datafield tag="983" ind1=" " ind2=" ">
      <subfield code="b">TBRM</subfield>
      <subfield code="9">LOCAL</subfield>
      <subfield code="M">49HBZ_UDE</subfield>
    </datafield>
    <datafield tag="MBD" ind1=" " ind2=" ">
      <subfield code="M">49HBZ_DUE</subfield>
      <subfield code="i">990001724620206443</subfield>
      <subfield code="n">Universität Düsseldorf</subfield>
    </datafield>
    <datafield tag="830" ind1=" " ind2="0">
      <subfield code="a">Memoirs of the American Mathematical Society</subfield>
      <subfield code="w">(DE-605)HT001233099</subfield>
      <subfield code="v">112</subfield>
      <subfield code="9">O:1</subfield>
      <subfield code="M">49HBZ_DUE</subfield>
    </datafield>
    <datafield tag="983" ind1=" " ind2=" ">
      <subfield code="a">matb450</subfield>
      <subfield code="9">LOCAL</subfield>
      <subfield code="M">49HBZ_DUE</subfield>
    </datafield>
    <datafield tag="983" ind1=" " ind2=" ">
      <subfield code="a">matb540</subfield>
      <subfield code="9">LOCAL</subfield>
      <subfield code="M">49HBZ_DUE</subfield>
    </datafield>
    <datafield tag="MNG" ind1=" " ind2=" ">
      <subfield code="f">ILS</subfield>
      <subfield code="i">marc21</subfield>
      <subfield code="k">01</subfield>
      <subfield code="e">false</subfield>
      <subfield code="g">005976733-HBZ01</subfield>
      <subfield code="j">60</subfield>
      <subfield code="a">import</subfield>
      <subfield code="b">2020-07-17 03:20:02 Europe/Berlin</subfield>
    </datafield>
    <datafield tag="HOL" ind1=" " ind2=" ">
      <subfield code="b">2020-07-01 08:58:16</subfield>
      <subfield code="8">224161190006447</subfield>
      <subfield code="M">49HBZ_WUP</subfield>
      <subfield code="g">false</subfield>
      <subfield code="a">import</subfield>
    </datafield>
    <datafield tag="HOL" ind1=" " ind2=" ">
      <subfield code="b">2020-07-01 08:58:16</subfield>
      <subfield code="8">224161210006447</subfield>
      <subfield code="M">49HBZ_WUP</subfield>
      <subfield code="g">false</subfield>
      <subfield code="a">import</subfield>
    </datafield>
    <datafield tag="ITM" ind1=" " ind2=" ">
      <subfield code="H">224161210006447</subfield>
      <subfield code="a">234161200006447</subfield>
      <subfield code="s">1</subfield>
      <subfield code="p">11</subfield>
      <subfield code="c">TBR1224-110/122</subfield>
      <subfield code="b">000642707000020</subfield>
      <subfield code="M">49HBZ_WUP</subfield>
    </datafield>
    <datafield tag="HOL" ind1=" " ind2=" ">
      <subfield code="b">2020-07-16 14:50:52</subfield>
      <subfield code="8">2263260900006445</subfield>
      <subfield code="M">49HBZ_UBD</subfield>
      <subfield code="g">false</subfield>
      <subfield code="a">import</subfield>
    </datafield>
    <datafield tag="ITM" ind1=" " ind2=" ">
      <subfield code="H">2263260900006445</subfield>
      <subfield code="a">2363260890006445</subfield>
      <subfield code="s">1</subfield>
      <subfield code="p">ZZZ</subfield>
      <subfield code="c">M 41883</subfield>
      <subfield code="b">50982002</subfield>
      <subfield code="M">49HBZ_UBD</subfield>
      <subfield code="n">M 8788</subfield>
    </datafield>
    <datafield tag="HOL" ind1=" " ind2=" ">
      <subfield code="b">2020-07-19 21:16:08</subfield>
      <subfield code="8">2247390560006442</subfield>
      <subfield code="M">49HBZ_BIE</subfield>
      <subfield code="g">false</subfield>
      <subfield code="a">import</subfield>
    </datafield>
    <datafield tag="ITM" ind1=" " ind2=" ">
      <subfield code="H">2247390560006442</subfield>
      <subfield code="a">2347390550006442</subfield>
      <subfield code="s">1</subfield>
      <subfield code="p">item_00</subfield>
      <subfield code="c">QA770 B171</subfield>
      <subfield code="b">100_0445096+01</subfield>
      <subfield code="M">49HBZ_BIE</subfield>
    </datafield>
    <datafield tag="HOL" ind1=" " ind2=" ">
      <subfield code="b">2020-07-07 10:14:22</subfield>
      <subfield code="8">227646630006446</subfield>
      <subfield code="M">49HBZ_UDE</subfield>
      <subfield code="g">false</subfield>
      <subfield code="a">import</subfield>
    </datafield>
    <datafield tag="HOL" ind1=" " ind2=" ">
      <subfield code="b">2020-07-07 10:14:22</subfield>
      <subfield code="8">227646610006446</subfield>
      <subfield code="M">49HBZ_UDE</subfield>
      <subfield code="g">false</subfield>
      <subfield code="a">import</subfield>
    </datafield>
    <datafield tag="ITM" ind1=" " ind2=" ">
      <subfield code="H">227646630006446</subfield>
      <subfield code="a">237646620006446</subfield>
      <subfield code="s">1</subfield>
      <subfield code="p">53</subfield>
      <subfield code="c">TBRM40123</subfield>
      <subfield code="b">E00587346</subfield>
      <subfield code="M">49HBZ_UDE</subfield>
    </datafield>
    <datafield tag="HOL" ind1=" " ind2=" ">
      <subfield code="b">2020-07-01 10:35:34</subfield>
      <subfield code="8">2285364050006443</subfield>
      <subfield code="M">49HBZ_DUE</subfield>
      <subfield code="g">false</subfield>
      <subfield code="a">import</subfield>
    </datafield>
    <datafield tag="HOL" ind1=" " ind2=" ">
      <subfield code="b">2020-07-01 10:35:34</subfield>
      <subfield code="8">2285364030006443</subfield>
      <subfield code="M">49HBZ_DUE</subfield>
      <subfield code="g">false</subfield>
      <subfield code="a">import</subfield>
    </datafield>
    <datafield tag="ITM" ind1=" " ind2=" ">
      <subfield code="H">2285364050006443</subfield>
      <subfield code="a">2385364040006443</subfield>
      <subfield code="s">1</subfield>
      <subfield code="p">32</subfield>
      <subfield code="c">matb.b171</subfield>
      <subfield code="b">012037701</subfield>
      <subfield code="M">49HBZ_DUE</subfield>
    </datafield>
  </record>