
  <record>
    <leader>00000nam#a2200000#c#4500</leader>
    <controlfield tag="003">DE-605</controlfield>
    <controlfield tag="005">20120428192300.0</controlfield>
    <controlfield tag="007">tu</controlfield>
    <controlfield tag="008">060512|1995####xx############|||#|#####c</controlfield>
    <controlfield tag="009">TT001729180</controlfield>
    <controlfield tag="001">990148135130206441</controlfield>
    <datafield tag="035" ind1=" " ind2=" ">
      <subfield code="a">TT001729180</subfield>
    </datafield>
    <datafield tag="035" ind1=" " ind2=" ">
      <subfield code="a">(DE-605)TT001729180</subfield>
    </datafield>
    <datafield tag="035" ind1=" " ind2=" ">
      <subfield code="a">(ALEPHCCHBZ)014813513HBZ01</subfield>
    </datafield>
    <datafield tag="016" ind1="7" ind2=" ">
      <subfield code="a">832428917</subfield>
      <subfield code="2">OCoLC</subfield>
    </datafield>
    <datafield tag="020" ind1=" " ind2=" ">
      <subfield code="a">0415000122</subfield>
      <subfield code="0">(uri) http://www.isbnsearch.org/isbn/0415000122</subfield>
    </datafield>
    <datafield tag="035" ind1=" " ind2=" ">
      <subfield code="a">(OCoLC)832428917</subfield>
      <subfield code="0">(uri) http://www.worldcat.org/oclc/832428917</subfield>
    </datafield>
    <datafield tag="040" ind1=" " ind2=" ">
      <subfield code="a">Kn 28</subfield>
      <subfield code="b">ger</subfield>
      <subfield code="c">Kn 28</subfield>
      <subfield code="e">rakwb</subfield>
    </datafield>
    <datafield tag="100" ind1="1" ind2=" ">
      <subfield code="a">Abulafia, Anna Sapir</subfield>
      <subfield code="0">(DE-588)160292255</subfield>
      <subfield code="4">aut</subfield>
    </datafield>
    <datafield tag="245" ind1="1" ind2="0">
      <subfield code="a">Christians and Jews in the twelth-century renaissance</subfield>
      <subfield code="c">Anna Sapir Abulafia</subfield>
    </datafield>
    <datafield tag="250" ind1=" " ind2=" ">
      <subfield code="a">1. publ.</subfield>
    </datafield>
    <datafield tag="264" ind1=" " ind2="1">
      <subfield code="a">London [u.a.]</subfield>
      <subfield code="b">Routledge</subfield>
      <subfield code="c">1995</subfield>
    </datafield>
    <datafield tag="300" ind1=" " ind2=" ">
      <subfield code="a">X, 196 S.</subfield>
    </datafield>
    <datafield tag="689" ind1="0" ind2="0">
      <subfield code="a">Christentum</subfield>
      <subfield code="D">s</subfield>
      <subfield code="0">(DE-588)4010074-1</subfield>
      <subfield code="0">(uri) https://portal.dnb.de/opac.htm?method=simpleSearch&amp;cqlMode=true&amp;query=idn=04010074X</subfield>
      <subfield code="0">(uri) http://viaf.org/viaf/sourceID/DNB|04010074X</subfield>
    </datafield>
    <datafield tag="689" ind1="0" ind2="1">
      <subfield code="a">Judentum</subfield>
      <subfield code="D">s</subfield>
      <subfield code="0">(DE-588)4114087-4</subfield>
      <subfield code="0">(uri) https://portal.dnb.de/opac.htm?method=simpleSearch&amp;cqlMode=true&amp;query=idn=041140877</subfield>
      <subfield code="0">(uri) http://viaf.org/viaf/sourceID/DNB|041140877</subfield>
    </datafield>
    <datafield tag="689" ind1="0" ind2="2">
      <subfield code="a">Geschichte &lt;1100 - 1200&gt;</subfield>
      <subfield code="A">z</subfield>
    </datafield>
    <datafield tag="964" ind1="0" ind2="s">
      <subfield code="F">030</subfield>
      <subfield code="A">a|1uc||||||17</subfield>
    </datafield>
    <datafield tag="964" ind1="0" ind2="s">
      <subfield code="F">050</subfield>
      <subfield code="A">a|a|||||||||||</subfield>
    </datafield>
    <datafield tag="964" ind1="0" ind2="s">
      <subfield code="F">051</subfield>
      <subfield code="A">m|||||||</subfield>
    </datafield>
    <datafield tag="MBD" ind1=" " ind2=" ">
      <subfield code="M">49HBZ_NETWORK</subfield>
      <subfield code="i">990148135130206441</subfield>
      <subfield code="n">HBZ Network</subfield>
    </datafield>
    <datafield tag="MNG" ind1=" " ind2=" ">
      <subfield code="f">ILS</subfield>
      <subfield code="i">marc21</subfield>
      <subfield code="k">01</subfield>
      <subfield code="e">false</subfield>
      <subfield code="g">014813513-HBZ01</subfield>
      <subfield code="j">60</subfield>
      <subfield code="a">import</subfield>
      <subfield code="b">2020-07-17 03:20:02 Europe/Berlin</subfield>
    </datafield>
  </record>