
  <record>
    <leader>00000nam#a2200000#c#4500</leader>
    <controlfield tag="003">DE-605</controlfield>
    <controlfield tag="005">20180914133600.0</controlfield>
    <controlfield tag="007">tu</controlfield>
    <controlfield tag="008">180905|1979####xx############|||#|#rus#c</controlfield>
    <controlfield tag="009">HT019799753</controlfield>
    <controlfield tag="001">990226074370206441</controlfield>
    <datafield tag="035" ind1=" " ind2=" ">
      <subfield code="a">HT019799753</subfield>
    </datafield>
    <datafield tag="035" ind1=" " ind2=" ">
      <subfield code="a">(DE-605)HT019799753</subfield>
    </datafield>
    <datafield tag="035" ind1=" " ind2=" ">
      <subfield code="a">(ALEPHCCHBZ)022607437HBZ01</subfield>
    </datafield>
    <datafield tag="016" ind1="7" ind2=" ">
      <subfield code="a">1076062800</subfield>
      <subfield code="2">OCoLC</subfield>
    </datafield>
    <datafield tag="035" ind1=" " ind2=" ">
      <subfield code="a">(OCoLC)1076062800</subfield>
      <subfield code="0">(uri) http://www.worldcat.org/oclc/1076062800</subfield>
    </datafield>
    <datafield tag="035" ind1=" " ind2=" ">
      <subfield code="a">(DE-601)438063651</subfield>
    </datafield>
    <datafield tag="035" ind1=" " ind2=" ">
      <subfield code="a">(DE-599)GBV438063651</subfield>
    </datafield>
    <datafield tag="040" ind1=" " ind2=" ">
      <subfield code="a">5/141</subfield>
      <subfield code="b">ger</subfield>
      <subfield code="e">rda</subfield>
    </datafield>
    <datafield tag="041" ind1=" " ind2=" ">
      <subfield code="a">rus</subfield>
    </datafield>
    <datafield tag="044" ind1=" " ind2=" ">
      <subfield code="c">SUHH</subfield>
    </datafield>
    <datafield tag="082" ind1="0" ind2=" ">
      <subfield code="a">793.319577</subfield>
      <subfield code="2">23</subfield>
    </datafield>
    <datafield tag="100" ind1="1" ind2=" ">
      <subfield code="a">Karabanova, Svetlana Fedorovna</subfield>
      <subfield code="4">aut</subfield>
    </datafield>
    <datafield tag="242" ind1="0" ind2="0">
      <subfield code="a">&lt;&lt;Die&gt;&gt; Tänze der kleinen Völkerschaften des südlichen Fernen Ostens der UdSSR als historisch-ethnographische Quelle</subfield>
      <subfield code="y">ger</subfield>
    </datafield>
    <datafield tag="245" ind1="1" ind2="0">
      <subfield code="a">Tancy malych narodov juga Dal'nego Vostoka SSSR</subfield>
      <subfield code="b">kak istoriko-ėtnografičeskij istočnik</subfield>
      <subfield code="c">S.F. Karabanova ; otvetstvennyj redaktor Ju.A. Sem ; chudožnik V.A. Černecov ; Akademija nauk SSSR, Dal'nevostočnyj naučnyj centr, Institut istorii, archeologii i ėtnografii narodov Dal'nego Vostoka</subfield>
    </datafield>
    <datafield tag="246" ind1="3" ind2=" ">
      <subfield code="a">Tancy małych narodov juga Dal'nego Vostoka SSSR</subfield>
    </datafield>
    <datafield tag="264" ind1="3" ind2="1">
      <subfield code="a">Moskva</subfield>
      <subfield code="b">Izdatel'stvo "Nauka"</subfield>
      <subfield code="c">1979</subfield>
    </datafield>
    <datafield tag="300" ind1=" " ind2=" ">
      <subfield code="a">139 Seiten</subfield>
      <subfield code="b">Illustrationen, Notenbeispiele</subfield>
    </datafield>
    <datafield tag="336" ind1=" " ind2=" ">
      <subfield code="b">txt</subfield>
    </datafield>
    <datafield tag="337" ind1=" " ind2=" ">
      <subfield code="b">n</subfield>
    </datafield>
    <datafield tag="338" ind1=" " ind2=" ">
      <subfield code="b">nc</subfield>
    </datafield>
    <datafield tag="546" ind1=" " ind2=" ">
      <subfield code="b">In kyrillischer Schrift</subfield>
    </datafield>
    <datafield tag="700" ind1="1" ind2=" ">
      <subfield code="a">Sem, Jurij A.</subfield>
      <subfield code="0">(DE-588)103261125</subfield>
      <subfield code="4">edt</subfield>
    </datafield>
    <datafield tag="700" ind1="1" ind2=" ">
      <subfield code="a">Černecov, V. A.</subfield>
      <subfield code="4">ill</subfield>
    </datafield>
    <datafield tag="710" ind1="2" ind2=" ">
      <subfield code="a">Institut Istorii, Archeologii i Ėtnografii Narodov Dalʹnego Vostoka</subfield>
      <subfield code="0">(DE-588)114905-2</subfield>
      <subfield code="4">isb</subfield>
    </datafield>
    <datafield tag="960" ind1="1" ind2=" ">
      <subfield code="b">Mindestkatalogisat</subfield>
    </datafield>
    <datafield tag="964" ind1="0" ind2="s">
      <subfield code="F">030</subfield>
      <subfield code="A">a||ur||||||17</subfield>
    </datafield>
    <datafield tag="964" ind1="0" ind2="s">
      <subfield code="F">050</subfield>
      <subfield code="A">a|||||||||||||</subfield>
    </datafield>
    <datafield tag="964" ind1="0" ind2="s">
      <subfield code="F">051</subfield>
      <subfield code="A">m|||||||</subfield>
    </datafield>
    <datafield tag="MBD" ind1=" " ind2=" ">
      <subfield code="M">49HBZ_NETWORK</subfield>
      <subfield code="i">990226074370206441</subfield>
      <subfield code="n">HBZ Network</subfield>
    </datafield>
    <datafield tag="MNG" ind1=" " ind2=" ">
      <subfield code="f">ILS</subfield>
      <subfield code="i">marc21</subfield>
      <subfield code="k">01</subfield>
      <subfield code="e">false</subfield>
      <subfield code="g">022607437-HBZ01</subfield>
      <subfield code="j">50</subfield>
      <subfield code="a">import</subfield>
      <subfield code="b">2020-07-16 12:23:10 Europe/Berlin</subfield>
    </datafield>
  </record>