
  <record>
    <leader>00000nam#a22000002c#4500</leader>
    <controlfield tag="003">DE-605</controlfield>
    <controlfield tag="005">20120428015800.0</controlfield>
    <controlfield tag="007">tu</controlfield>
    <controlfield tag="008">931219|1974####xx############|||#|#####c</controlfield>
    <controlfield tag="009">HT004617613</controlfield>
    <controlfield tag="001">990018367330206441</controlfield>
    <datafield tag="035" ind1=" " ind2=" ">
      <subfield code="a">HT004617613</subfield>
    </datafield>
    <datafield tag="035" ind1=" " ind2=" ">
      <subfield code="a">(DE-605)HT004617613</subfield>
    </datafield>
    <datafield tag="035" ind1=" " ind2=" ">
      <subfield code="a">(ALEPHCCHBZ)001836733HBZ01</subfield>
    </datafield>
    <datafield tag="016" ind1="7" ind2=" ">
      <subfield code="a">264797777</subfield>
      <subfield code="2">OCoLC</subfield>
    </datafield>
    <datafield tag="020" ind1=" " ind2=" ">
      <subfield code="a">0124692508</subfield>
      <subfield code="0">(uri) http://www.isbnsearch.org/isbn/0124692508</subfield>
    </datafield>
    <datafield tag="035" ind1=" " ind2=" ">
      <subfield code="a">(OCoLC)264797777</subfield>
      <subfield code="0">(uri) http://www.worldcat.org/oclc/264797777</subfield>
    </datafield>
    <datafield tag="040" ind1=" " ind2=" ">
      <subfield code="a">61</subfield>
      <subfield code="b">ger</subfield>
      <subfield code="e">rakwb</subfield>
    </datafield>
    <datafield tag="084" ind1=" " ind2=" ">
      <subfield code="a">UH 8000</subfield>
      <subfield code="2">rvk</subfield>
    </datafield>
    <datafield tag="084" ind1=" " ind2=" ">
      <subfield code="a">UF 1950</subfield>
      <subfield code="2">rvk</subfield>
    </datafield>
    <datafield tag="100" ind1="1" ind2=" ">
      <subfield code="a">Mann, Ronald A.</subfield>
      <subfield code="0">(DE-588)1013770641</subfield>
      <subfield code="4">aut</subfield>
    </datafield>
    <datafield tag="245" ind1="1" ind2="0">
      <subfield code="a">&lt;&lt;The&gt;&gt; classical dynamics of particles</subfield>
      <subfield code="b">Galilean and Lorentz relativity</subfield>
    </datafield>
    <datafield tag="264" ind1=" " ind2="1">
      <subfield code="a">New York</subfield>
      <subfield code="b">Acad. P.r</subfield>
      <subfield code="c">1974</subfield>
    </datafield>
    <datafield tag="300" ind1=" " ind2=" ">
      <subfield code="a">299 S.</subfield>
    </datafield>
    <datafield tag="689" ind1="0" ind2="0">
      <subfield code="a">Mechanik</subfield>
      <subfield code="D">s</subfield>
      <subfield code="0">(DE-588)4038168-7</subfield>
      <subfield code="0">(uri) https://portal.dnb.de/opac.htm?method=simpleSearch&amp;cqlMode=true&amp;query=idn=040381684</subfield>
      <subfield code="0">(uri) http://viaf.org/viaf/sourceID/DNB|040381684</subfield>
    </datafield>
    <datafield tag="689" ind1="1" ind2="0">
      <subfield code="a">Elementarteilchen</subfield>
      <subfield code="D">s</subfield>
      <subfield code="0">(DE-588)4014413-6</subfield>
      <subfield code="0">(uri) https://portal.dnb.de/opac.htm?method=simpleSearch&amp;cqlMode=true&amp;query=idn=040144135</subfield>
      <subfield code="0">(uri) http://viaf.org/viaf/sourceID/DNB|040144135</subfield>
    </datafield>
    <datafield tag="689" ind1="1" ind2="1">
      <subfield code="a">Dynamik</subfield>
      <subfield code="D">s</subfield>
      <subfield code="0">(DE-588)4013384-9</subfield>
      <subfield code="0">(uri) https://portal.dnb.de/opac.htm?method=simpleSearch&amp;cqlMode=true&amp;query=idn=040133842</subfield>
      <subfield code="0">(uri) http://viaf.org/viaf/sourceID/DNB|040133842</subfield>
    </datafield>
    <datafield tag="689" ind1="2" ind2="0">
      <subfield code="a">Relativitätstheorie</subfield>
      <subfield code="D">s</subfield>
      <subfield code="0">(DE-588)4049363-5</subfield>
      <subfield code="0">(uri) https://portal.dnb.de/opac.htm?method=simpleSearch&amp;cqlMode=true&amp;query=idn=040493636</subfield>
      <subfield code="0">(uri) http://viaf.org/viaf/sourceID/DNB|040493636</subfield>
    </datafield>
    <datafield tag="964" ind1="0" ind2="s">
      <subfield code="F">030</subfield>
      <subfield code="A">h|1uc||||||17</subfield>
    </datafield>
    <datafield tag="964" ind1="0" ind2="s">
      <subfield code="F">050</subfield>
      <subfield code="A">a|||||||||||||</subfield>
    </datafield>
    <datafield tag="964" ind1="0" ind2="s">
      <subfield code="F">051</subfield>
      <subfield code="A">m|||||||</subfield>
    </datafield>
    <datafield tag="MBD" ind1=" " ind2=" ">
      <subfield code="M">49HBZ_NETWORK</subfield>
      <subfield code="i">990018367330206441</subfield>
      <subfield code="n">HBZ Network</subfield>
    </datafield>
    <datafield tag="MBD" ind1=" " ind2=" ">
      <subfield code="M">49HBZ_BIE</subfield>
      <subfield code="i">991004070089706442</subfield>
      <subfield code="n">Universität Bielefeld</subfield>
    </datafield>
    <datafield tag="980" ind1="1" ind2=" ">
      <subfield code="9">LOCAL</subfield>
      <subfield code="e">HBZ</subfield>
      <subfield code="M">49HBZ_BIE</subfield>
    </datafield>
    <datafield tag="981" ind1=" " ind2=" ">
      <subfield code="9">LOCAL</subfield>
      <subfield code="a">(DE-361)740189</subfield>
      <subfield code="M">49HBZ_BIE</subfield>
    </datafield>
    <datafield tag="983" ind1=" " ind2=" ">
      <subfield code="9">LOCAL</subfield>
      <subfield code="b">QD201</subfield>
      <subfield code="M">49HBZ_BIE</subfield>
    </datafield>
    <datafield tag="997" ind1=" " ind2=" ">
      <subfield code="9">LOCAL</subfield>
      <subfield code="a">20020121</subfield>
      <subfield code="M">49HBZ_BIE</subfield>
    </datafield>
    <datafield tag="MBD" ind1=" " ind2=" ">
      <subfield code="M">49HBZ_DUE</subfield>
      <subfield code="i">990007097890206443</subfield>
      <subfield code="n">Universität Düsseldorf</subfield>
    </datafield>
    <datafield tag="983" ind1=" " ind2=" ">
      <subfield code="a">phyf200</subfield>
      <subfield code="9">LOCAL</subfield>
      <subfield code="M">49HBZ_DUE</subfield>
    </datafield>
    <datafield tag="996" ind1="1" ind2=" ">
      <subfield code="a">particle</subfield>
      <subfield code="9">LOCAL</subfield>
      <subfield code="M">49HBZ_DUE</subfield>
    </datafield>
    <datafield tag="996" ind1="1" ind2=" ">
      <subfield code="a">relativity</subfield>
      <subfield code="9">LOCAL</subfield>
      <subfield code="M">49HBZ_DUE</subfield>
    </datafield>
    <datafield tag="MNG" ind1=" " ind2=" ">
      <subfield code="f">ILS</subfield>
      <subfield code="i">marc21</subfield>
      <subfield code="k">01</subfield>
      <subfield code="e">false</subfield>
      <subfield code="g">001836733-HBZ01</subfield>
      <subfield code="j">60</subfield>
      <subfield code="a">import</subfield>
      <subfield code="b">2020-07-17 03:20:02 Europe/Berlin</subfield>
    </datafield>
    <datafield tag="HOL" ind1=" " ind2=" ">
      <subfield code="b">2020-07-19 20:50:46</subfield>
      <subfield code="8">2235975000006442</subfield>
      <subfield code="M">49HBZ_BIE</subfield>
      <subfield code="g">false</subfield>
      <subfield code="a">import</subfield>
    </datafield>
    <datafield tag="ITM" ind1=" " ind2=" ">
      <subfield code="H">2235975000006442</subfield>
      <subfield code="a">2335974960006442</subfield>
      <subfield code="s">1</subfield>
      <subfield code="p">item_08</subfield>
      <subfield code="c">QD200 M282</subfield>
      <subfield code="b">178_0525316+01</subfield>
      <subfield code="M">49HBZ_BIE</subfield>
    </datafield>
    <datafield tag="HOL" ind1=" " ind2=" ">
      <subfield code="b">2020-07-01 09:54:09</subfield>
      <subfield code="8">2271082460006443</subfield>
      <subfield code="M">49HBZ_DUE</subfield>
      <subfield code="g">false</subfield>
      <subfield code="a">import</subfield>
    </datafield>
    <datafield tag="HOL" ind1=" " ind2=" ">
      <subfield code="b">2020-07-01 09:54:09</subfield>
      <subfield code="8">2271082480006443</subfield>
      <subfield code="M">49HBZ_DUE</subfield>
      <subfield code="g">false</subfield>
      <subfield code="a">import</subfield>
    </datafield>
    <datafield tag="HOL" ind1=" " ind2=" ">
      <subfield code="b">2020-07-01 09:54:09</subfield>
      <subfield code="8">2271082520006443</subfield>
      <subfield code="M">49HBZ_DUE</subfield>
      <subfield code="g">false</subfield>
      <subfield code="a">import</subfield>
    </datafield>
    <datafield tag="ITM" ind1=" " ind2=" ">
      <subfield code="H">2271082520006443</subfield>
      <subfield code="a">2371082510006443</subfield>
      <subfield code="s">1</subfield>
      <subfield code="p">10</subfield>
      <subfield code="c">phyf200.m282</subfield>
      <subfield code="b">052182001</subfield>
      <subfield code="M">49HBZ_DUE</subfield>
    </datafield>
  </record>