
  <record>
    <leader>03415cam a2200673 i 4500</leader>
    <controlfield tag="001">99366545708706441</controlfield>
    <controlfield tag="005">20200616111427.0</controlfield>
    <controlfield tag="006">m    fo  d |      </controlfield>
    <controlfield tag="007">cr|m|#||||||||</controlfield>
    <controlfield tag="008">160829s2009    at      o     000 | eng d</controlfield>
    <datafield tag="020" ind1=" " ind2=" ">
      <subfield code="a">9780980623826  ‡q (ebook)</subfield>
    </datafield>
    <datafield tag="020" ind1=" " ind2=" ">
      <subfield code="a">0980623820 ‡q (ebook)</subfield>
    </datafield>
    <datafield tag="020" ind1=" " ind2=" ">
      <subfield code="z">9780980623895</subfield>
      <subfield code="0">(uri) http://www.isbnsearch.org/isbn/9780980623895</subfield>
    </datafield>
    <datafield tag="035" ind1=" " ind2=" ">
      <subfield code="a">(CKB)2670000000409829</subfield>
    </datafield>
    <datafield tag="035" ind1=" " ind2=" ">
      <subfield code="a">(SSID)ssj0000713221</subfield>
    </datafield>
    <datafield tag="035" ind1=" " ind2=" ">
      <subfield code="a">(PQKBManifestationID)12305634</subfield>
    </datafield>
    <datafield tag="035" ind1=" " ind2=" ">
      <subfield code="a">(PQKBTitleCode)TC0000713221</subfield>
    </datafield>
    <datafield tag="035" ind1=" " ind2=" ">
      <subfield code="a">(PQKBWorkID)10651392</subfield>
    </datafield>
    <datafield tag="035" ind1=" " ind2=" ">
      <subfield code="a">(PQKB)11563675</subfield>
    </datafield>
    <datafield tag="035" ind1=" " ind2=" ">
      <subfield code="a">(UkCbUP)CR9780980623826</subfield>
    </datafield>
    <datafield tag="035" ind1=" " ind2=" ">
      <subfield code="a">(EXLCZ)9780980623826</subfield>
    </datafield>
    <datafield tag="035" ind1=" " ind2=" ">
      <subfield code="a">(EXLCZ)992670000000409829</subfield>
    </datafield>
    <datafield tag="040" ind1=" " ind2=" ">
      <subfield code="a">PQKB</subfield>
      <subfield code="d">UkMaJRU</subfield>
      <subfield code="b">eng</subfield>
      <subfield code="e">rda</subfield>
    </datafield>
    <datafield tag="041" ind1="0" ind2=" ">
      <subfield code="a">eng</subfield>
    </datafield>
    <datafield tag="043" ind1=" " ind2=" ">
      <subfield code="a">a-pp---</subfield>
      <subfield code="a">po-----</subfield>
    </datafield>
    <datafield tag="050" ind1=" " ind2="0">
      <subfield code="a">HF4032.Z5 B67 2009</subfield>
    </datafield>
    <datafield tag="082" ind1="0" ind2="0">
      <subfield code="a">382/.0995</subfield>
      <subfield code="2">23</subfield>
    </datafield>
    <datafield tag="100" ind1=" " ind2=" ">
      <subfield code="a">Anderson, Kym</subfield>
      <subfield code="e">Author</subfield>
    </datafield>
    <datafield tag="245" ind1="1" ind2="0">
      <subfield code="a">Reforming trade policy in Papua New Guinea and the Pacific Islands /</subfield>
      <subfield code="c">Kym Anderson, Michael Bosworth.</subfield>
    </datafield>
    <datafield tag="264" ind1=" " ind2="1">
      <subfield code="a">Adelaide :</subfield>
      <subfield code="b">University of Adelaide Press,</subfield>
      <subfield code="c">2009.</subfield>
    </datafield>
    <datafield tag="264" ind1=" " ind2="4">
      <subfield code="c">©2000</subfield>
    </datafield>
    <datafield tag="300" ind1=" " ind2=" ">
      <subfield code="a">1 online resource (xiv, 203 pages) :</subfield>
      <subfield code="b">digital, PDF file(s).</subfield>
    </datafield>
    <datafield tag="336" ind1=" " ind2=" ">
      <subfield code="a">text</subfield>
      <subfield code="b">txt</subfield>
      <subfield code="2">rdacontent</subfield>
    </datafield>
    <datafield tag="337" ind1=" " ind2=" ">
      <subfield code="a">computer</subfield>
      <subfield code="b">c</subfield>
      <subfield code="2">rdamedia</subfield>
    </datafield>
    <datafield tag="338" ind1=" " ind2=" ">
      <subfield code="a">online resource</subfield>
      <subfield code="b">cr</subfield>
      <subfield code="2">rdacarrier</subfield>
    </datafield>
    <datafield tag="347" ind1=" " ind2=" ">
      <subfield code="a">text file</subfield>
      <subfield code="2">rda</subfield>
    </datafield>
    <datafield tag="490" ind1="0" ind2=" ">
      <subfield code="a">Reprints collection : Economics Reforming trade policy in Papua New Guinea and the Pacific Islands</subfield>
    </datafield>
    <datafield tag="500" ind1=" " ind2=" ">
      <subfield code="a">Bibliographic Level Mode of Issuance: Monograph</subfield>
    </datafield>
    <datafield tag="506" ind1="0" ind2=" ">
      <subfield code="a">Open Access</subfield>
      <subfield code="f">Unrestricted online access</subfield>
      <subfield code="2">star</subfield>
    </datafield>
    <datafield tag="546" ind1=" " ind2=" ">
      <subfield code="a">English</subfield>
    </datafield>
    <datafield tag="520" ind1=" " ind2=" ">
      <subfield code="a">The countries of the South Pacific have struggled to generate sustainable economic growth since their independence. Interventionist policies have failed in the past here, as they have in all other regions. Business and government leaders in this region are now beginning to acknowledge - as has happened in many other developing country regions over the past two decades - that major reforms are needed to put their economies onto a higher growth path. This study examines the growth record of key Pacific island economies and identifies the reasons for their relatively poor performance. It then looks at the process of globalization that is affecting those and indeed all economies increasingly; and the role the WTO has played in that process.</subfield>
    </datafield>
    <datafield tag="504" ind1=" " ind2=" ">
      <subfield code="a">Includes bibliographical references (pages 197-203)</subfield>
    </datafield>
    <datafield tag="530" ind1=" " ind2=" ">
      <subfield code="a">Also available in print.</subfield>
    </datafield>
    <datafield tag="538" ind1=" " ind2=" ">
      <subfield code="a">Mode of access: internet via World Wide Web.</subfield>
    </datafield>
    <datafield tag="538" ind1=" " ind2=" ">
      <subfield code="a">System requirements: Adobe Acrobat or other PDF reader (latest version recommended), Internet Explorer or other browser (latest version recommended).</subfield>
    </datafield>
    <datafield tag="588" ind1=" " ind2=" ">
      <subfield code="a">Description based on print record, CIP data from the publisher, and e-publication e-publication, viewed on May 27, 2020.</subfield>
    </datafield>
    <datafield tag="650" ind1=" " ind2="7">
      <subfield code="a">Commerce</subfield>
      <subfield code="2">HILCC</subfield>
    </datafield>
    <datafield tag="650" ind1=" " ind2="7">
      <subfield code="a">Business &amp; Economics</subfield>
      <subfield code="2">HILCC</subfield>
    </datafield>
    <datafield tag="650" ind1=" " ind2="7">
      <subfield code="a">Local Commerce</subfield>
      <subfield code="2">HILCC</subfield>
    </datafield>
    <datafield tag="651" ind1=" " ind2="0">
      <subfield code="a">Papua New Guinea</subfield>
      <subfield code="x">Commerce.</subfield>
    </datafield>
    <datafield tag="651" ind1=" " ind2="0">
      <subfield code="a">Papua New Guinea</subfield>
      <subfield code="x">Commercial policy.</subfield>
    </datafield>
    <datafield tag="651" ind1=" " ind2="0">
      <subfield code="a">Oceania</subfield>
      <subfield code="x">Commerce.</subfield>
    </datafield>
    <datafield tag="651" ind1=" " ind2="0">
      <subfield code="a">Oceania</subfield>
      <subfield code="x">Commercial policy.</subfield>
    </datafield>
    <datafield tag="610" ind1="2" ind2="0">
      <subfield code="a">Asia Pacific Economic Cooperation (Organization)</subfield>
    </datafield>
    <datafield tag="610" ind1="2" ind2="0">
      <subfield code="a">World Trade Organization.</subfield>
    </datafield>
    <datafield tag="655" ind1=" " ind2="4">
      <subfield code="b">Electronic books.</subfield>
    </datafield>
    <datafield tag="710" ind1="2" ind2=" ">
      <subfield code="a">University of Adelaide Press,</subfield>
    </datafield>
    <datafield tag="700" ind1=" " ind2=" ">
      <subfield code="a">Bosworth, Malcolm</subfield>
      <subfield code="e">Contributor</subfield>
    </datafield>
    <datafield tag="776" ind1="0" ind2="8">
      <subfield code="i">Print version:</subfield>
      <subfield code="z">9780980623895</subfield>
      <subfield code="0">(uri) http://www.isbnsearch.org/isbn/9780980623895</subfield>
    </datafield>
    <datafield tag="830" ind1=" " ind2="0">
      <subfield code="a">Reprints collection (University of Adelaide Press).</subfield>
      <subfield code="p">Economics.</subfield>
    </datafield>
    <datafield tag="MBD" ind1=" " ind2=" ">
      <subfield code="M">49HBZ_NETWORK</subfield>
      <subfield code="i">99366545708706441</subfield>
      <subfield code="n">HBZ Network</subfield>
    </datafield>
    <datafield tag="MNG" ind1=" " ind2=" ">
      <subfield code="c">NON_SFX_CREATOR</subfield>
      <subfield code="f">NON_SFX</subfield>
      <subfield code="i">marc21</subfield>
      <subfield code="h">20160321070906.0</subfield>
      <subfield code="k">08</subfield>
      <subfield code="e">false</subfield>
      <subfield code="d">2020-07-17 11:54:57 Europe/Berlin</subfield>
      <subfield code="g">992670000000409829</subfield>
      <subfield code="j">00</subfield>
      <subfield code="a">NON_SFX_CREATOR</subfield>
      <subfield code="b">2013-09-07 19:12:41 Europe/Berlin</subfield>
    </datafield>
    <datafield tag="POR" ind1=" " ind2=" ">
      <subfield code="j">DOAB Directory of Open Access Books</subfield>
      <subfield code="x">System</subfield>
      <subfield code="a">53220529730006441</subfield>
      <subfield code="M">49HBZ_NETWORK</subfield>
      <subfield code="p">61219610220006441</subfield>
      <subfield code="q">DOAB Directory of Open Access Books</subfield>
      <subfield code="c">param</subfield>
      <subfield code="o">613680000000000027</subfield>
      <subfield code="A">49HBZ_FHA</subfield>
      <subfield code="A">49HBZ_UBD</subfield>
      <subfield code="A">49HBZ_UDE</subfield>
      <subfield code="y">2020-07-17 11:55:20 Europe/Berlin</subfield>
      <subfield code="w">2020-07-17 11:55:15 Europe/Berlin</subfield>
      <subfield code="D">https://eu04.alma.exlibrisgroup.com/view/uresolver/49HBZ_NETWORK/openurl?u.ignore_date_coverage=true&amp;portfolio_pid=53220529730006441&amp;Force_direct=true</subfield>
      <subfield code="v">NON_SFX_CREATOR</subfield>
      <subfield code="z">2020-07-17 09:55:15</subfield>
      <subfield code="i">false</subfield>
      <subfield code="S">62219610210006441</subfield>
      <subfield code="d">e?u.ignore_date_coverage=true&amp;rft.mms_id=99366545708706441</subfield>
      <subfield code="b">Available</subfield>
      <subfield code="f">BOOK</subfield>
      <subfield code="8">53220529730006441</subfield>
    </datafield>
    <datafield tag="POR" ind1=" " ind2=" ">
      <subfield code="j">JSTOR</subfield>
      <subfield code="x">System</subfield>
      <subfield code="a">53221949450006441</subfield>
      <subfield code="M">49HBZ_NETWORK</subfield>
      <subfield code="p">61219610190006441</subfield>
      <subfield code="q">JSTOR Books Open Access</subfield>
      <subfield code="c">param</subfield>
      <subfield code="o">614330000000000094</subfield>
      <subfield code="A">49HBZ_FHA</subfield>
      <subfield code="A">49HBZ_WUP</subfield>
      <subfield code="y">2020-07-17 12:01:01 Europe/Berlin</subfield>
      <subfield code="w">2020-07-17 12:00:56 Europe/Berlin</subfield>
      <subfield code="D">https://eu04.alma.exlibrisgroup.com/view/uresolver/49HBZ_NETWORK/openurl?u.ignore_date_coverage=true&amp;portfolio_pid=53221949450006441&amp;Force_direct=true</subfield>
      <subfield code="v">NON_SFX_CREATOR</subfield>
      <subfield code="z">2020-07-17 10:00:56</subfield>
      <subfield code="i">false</subfield>
      <subfield code="S">62219610180006441</subfield>
      <subfield code="d">e?u.ignore_date_coverage=true&amp;rft.mms_id=99366545708706441</subfield>
      <subfield code="b">Available</subfield>
      <subfield code="f">BOOK</subfield>
      <subfield code="8">53221949450006441</subfield>
    </datafield>
  </record>