
  <record>
    <leader>00000nai#a2200000#ca4500</leader>
    <controlfield tag="003">DE-605</controlfield>
    <controlfield tag="005">20200422160200.0</controlfield>
    <controlfield tag="007">td</controlfield>
    <controlfield tag="008">931223|########gw##|#l#######|####2ger#c</controlfield>
    <controlfield tag="009">HT003638156</controlfield>
    <controlfield tag="001">990048857150206441</controlfield>
    <datafield tag="035" ind1=" " ind2=" ">
      <subfield code="a">HT003638156</subfield>
    </datafield>
    <datafield tag="035" ind1=" " ind2=" ">
      <subfield code="a">(DE-605)HT003638156</subfield>
    </datafield>
    <datafield tag="035" ind1=" " ind2=" ">
      <subfield code="a">(ALEPHCCHBZ)004885715HBZ01</subfield>
    </datafield>
    <datafield tag="016" ind1="7" ind2=" ">
      <subfield code="a">1070353813</subfield>
      <subfield code="2">OCoLC</subfield>
    </datafield>
    <datafield tag="035" ind1=" " ind2=" ">
      <subfield code="a">(OCoLC)1070353813</subfield>
      <subfield code="0">(uri) http://www.worldcat.org/oclc/1070353813</subfield>
    </datafield>
    <datafield tag="040" ind1=" " ind2=" ">
      <subfield code="a">292</subfield>
      <subfield code="b">ger</subfield>
      <subfield code="d">361</subfield>
      <subfield code="e">rakwb</subfield>
    </datafield>
    <datafield tag="041" ind1=" " ind2=" ">
      <subfield code="a">ger</subfield>
    </datafield>
    <datafield tag="044" ind1=" " ind2=" ">
      <subfield code="c">XA-DE</subfield>
    </datafield>
    <datafield tag="245" ind1="0" ind2="0">
      <subfield code="a">Handbuch Logistik und Produktionsmanagement</subfield>
      <subfield code="b">Strategien, Konzepte und Lösungen für die JIT-Beschaffung, -Produktion und -Distribution</subfield>
      <subfield code="c">Klaus J. Schmidt (Hrsg.)</subfield>
    </datafield>
    <datafield tag="264" ind1="3" ind2="1">
      <subfield code="a">Landsberg/Lech</subfield>
      <subfield code="b">Verl. Moderne Industrie</subfield>
    </datafield>
    <datafield tag="300" ind1=" " ind2=" ">
      <subfield code="a">Losebl.-Ausg.</subfield>
    </datafield>
    <datafield tag="689" ind1="0" ind2="0">
      <subfield code="a">Logistik</subfield>
      <subfield code="D">s</subfield>
      <subfield code="0">(DE-588)4036210-3</subfield>
      <subfield code="0">(uri) https://portal.dnb.de/opac.htm?method=simpleSearch&amp;cqlMode=true&amp;query=idn=040362108</subfield>
      <subfield code="0">(uri) http://viaf.org/viaf/sourceID/DNB|040362108</subfield>
    </datafield>
    <datafield tag="689" ind1="0" ind2="1">
      <subfield code="a">Just-in-time-Produktion</subfield>
      <subfield code="D">s</subfield>
      <subfield code="0">(DE-588)4140040-9</subfield>
      <subfield code="0">(uri) https://portal.dnb.de/opac.htm?method=simpleSearch&amp;cqlMode=true&amp;query=idn=041400402</subfield>
      <subfield code="0">(uri) http://viaf.org/viaf/sourceID/DNB|041400402</subfield>
    </datafield>
    <datafield tag="700" ind1="1" ind2=" ">
      <subfield code="a">Schmidt, Klaus J.</subfield>
      <subfield code="0">(DE-588)111951097</subfield>
      <subfield code="4">edt</subfield>
    </datafield>
    <datafield tag="964" ind1="0" ind2="s">
      <subfield code="F">030</subfield>
      <subfield code="A">a|1uc||||||37</subfield>
    </datafield>
    <datafield tag="964" ind1="0" ind2="s">
      <subfield code="F">050</subfield>
      <subfield code="A">a|||||||||||||</subfield>
    </datafield>
    <datafield tag="964" ind1="0" ind2="s">
      <subfield code="F">051</subfield>
      <subfield code="A">no||||||</subfield>
    </datafield>
    <datafield tag="MBD" ind1=" " ind2=" ">
      <subfield code="M">49HBZ_NETWORK</subfield>
      <subfield code="i">990048857150206441</subfield>
      <subfield code="n">HBZ Network</subfield>
    </datafield>
    <datafield tag="MBD" ind1=" " ind2=" ">
      <subfield code="M">49HBZ_FHA</subfield>
      <subfield code="i">991001031669706444</subfield>
      <subfield code="n">Fachhochschule Aachen</subfield>
    </datafield>
    <datafield tag="980" ind1="1" ind2=" ">
      <subfield code="9">LOCAL</subfield>
      <subfield code="e">HBZ</subfield>
      <subfield code="M">49HBZ_FHA</subfield>
    </datafield>
    <datafield tag="981" ind1=" " ind2=" ">
      <subfield code="9">LOCAL</subfield>
      <subfield code="a">(DE-A96)802</subfield>
      <subfield code="M">49HBZ_FHA</subfield>
    </datafield>
    <datafield tag="983" ind1=" " ind2=" ">
      <subfield code="9">LOCAL</subfield>
      <subfield code="b">QBB</subfield>
      <subfield code="M">49HBZ_FHA</subfield>
    </datafield>
    <datafield tag="989" ind1=" " ind2=" ">
      <subfield code="9">LOCAL</subfield>
      <subfield code="a">vorhanden mit Stand: Mai 2004</subfield>
      <subfield code="M">49HBZ_FHA</subfield>
    </datafield>
    <datafield tag="991" ind1=" " ind2=" ">
      <subfield code="9">LOCAL</subfield>
      <subfield code="a">ass/kow</subfield>
      <subfield code="M">49HBZ_FHA</subfield>
    </datafield>
    <datafield tag="997" ind1=" " ind2=" ">
      <subfield code="9">LOCAL</subfield>
      <subfield code="a">19881214</subfield>
      <subfield code="M">49HBZ_FHA</subfield>
    </datafield>
    <datafield tag="MBD" ind1=" " ind2=" ">
      <subfield code="M">49HBZ_BIE</subfield>
      <subfield code="i">991019159369706442</subfield>
      <subfield code="n">Universität Bielefeld</subfield>
    </datafield>
    <datafield tag="980" ind1="1" ind2=" ">
      <subfield code="9">LOCAL</subfield>
      <subfield code="e">HBZ</subfield>
      <subfield code="M">49HBZ_BIE</subfield>
    </datafield>
    <datafield tag="981" ind1=" " ind2=" ">
      <subfield code="9">LOCAL</subfield>
      <subfield code="a">(DE-361)637156</subfield>
      <subfield code="M">49HBZ_BIE</subfield>
    </datafield>
    <datafield tag="983" ind1=" " ind2=" ">
      <subfield code="9">LOCAL</subfield>
      <subfield code="b">SA003</subfield>
      <subfield code="b">SU100</subfield>
      <subfield code="b">SU300</subfield>
      <subfield code="M">49HBZ_BIE</subfield>
    </datafield>
    <datafield tag="989" ind1=" " ind2=" ">
      <subfield code="9">LOCAL</subfield>
      <subfield code="a">Stand: 1997. - Wird nicht fortgeführt. - Gebunden</subfield>
      <subfield code="M">49HBZ_BIE</subfield>
    </datafield>
    <datafield tag="997" ind1=" " ind2=" ">
      <subfield code="9">LOCAL</subfield>
      <subfield code="a">20020121</subfield>
      <subfield code="M">49HBZ_BIE</subfield>
    </datafield>
    <datafield tag="MNG" ind1=" " ind2=" ">
      <subfield code="f">ILS</subfield>
      <subfield code="i">marc21</subfield>
      <subfield code="k">01</subfield>
      <subfield code="e">false</subfield>
      <subfield code="g">004885715-HBZ01</subfield>
      <subfield code="j">60</subfield>
      <subfield code="a">import</subfield>
      <subfield code="b">2020-07-17 00:04:51 Europe/Berlin</subfield>
    </datafield>
    <datafield tag="HOL" ind1=" " ind2=" ">
      <subfield code="b">2020-07-16 19:33:38</subfield>
      <subfield code="8">225025720006444</subfield>
      <subfield code="M">49HBZ_FHA</subfield>
      <subfield code="g">false</subfield>
      <subfield code="a">import</subfield>
    </datafield>
    <datafield tag="ITM" ind1=" " ind2=" ">
      <subfield code="H">225025720006444</subfield>
      <subfield code="a">235025710006444</subfield>
      <subfield code="s">1</subfield>
      <subfield code="p">ZZZ</subfield>
      <subfield code="c">21 QBB 134</subfield>
      <subfield code="b">21QBB134</subfield>
      <subfield code="M">49HBZ_FHA</subfield>
    </datafield>
    <datafield tag="HOL" ind1=" " ind2=" ">
      <subfield code="b">2020-07-19 21:49:22</subfield>
      <subfield code="8">2262468040006442</subfield>
      <subfield code="M">49HBZ_BIE</subfield>
      <subfield code="g">false</subfield>
      <subfield code="a">import</subfield>
    </datafield>
    <datafield tag="HOL" ind1=" " ind2=" ">
      <subfield code="b">2020-07-19 21:49:22</subfield>
      <subfield code="8">2262468090006442</subfield>
      <subfield code="M">49HBZ_BIE</subfield>
      <subfield code="g">false</subfield>
      <subfield code="a">import</subfield>
    </datafield>
    <datafield tag="HOL" ind1=" " ind2=" ">
      <subfield code="b">2020-07-19 21:49:22</subfield>
      <subfield code="8">2262468060006442</subfield>
      <subfield code="M">49HBZ_BIE</subfield>
      <subfield code="g">false</subfield>
      <subfield code="a">import</subfield>
    </datafield>
    <datafield tag="ITM" ind1=" " ind2=" ">
      <subfield code="H">2262468090006442</subfield>
      <subfield code="a">2362468070006442</subfield>
      <subfield code="s">1</subfield>
      <subfield code="p">item_00</subfield>
      <subfield code="c">SU077 H2L8P[1</subfield>
      <subfield code="b">130_1571782+01</subfield>
      <subfield code="M">49HBZ_BIE</subfield>
    </datafield>
    <datafield tag="ITM" ind1=" " ind2=" ">
      <subfield code="H">2262468040006442</subfield>
      <subfield code="a">2362468010006442</subfield>
      <subfield code="s">1</subfield>
      <subfield code="p">item_00</subfield>
      <subfield code="c">SU077 H2L8P[3</subfield>
      <subfield code="b">130_4052296+01</subfield>
      <subfield code="M">49HBZ_BIE</subfield>
    </datafield>
    <datafield tag="ITM" ind1=" " ind2=" ">
      <subfield code="H">2262468060006442</subfield>
      <subfield code="a">2362468050006442</subfield>
      <subfield code="s">1</subfield>
      <subfield code="p">item_00</subfield>
      <subfield code="c">SU077 H2L8P[2</subfield>
      <subfield code="b">130_1571783+01</subfield>
      <subfield code="M">49HBZ_BIE</subfield>
    </datafield>
  </record>