
  <record>
    <leader>00000nam#a2200000#cb4500</leader>
    <controlfield tag="003">DE-605</controlfield>
    <controlfield tag="005">20200313162700.0</controlfield>
    <controlfield tag="007">tu</controlfield>
    <controlfield tag="008">960930|1996####gw#######m####|||#|#ger#c</controlfield>
    <controlfield tag="009">HT007252218</controlfield>
    <controlfield tag="001">990068619160206441</controlfield>
    <datafield tag="035" ind1=" " ind2=" ">
      <subfield code="a">HT007252218</subfield>
    </datafield>
    <datafield tag="035" ind1=" " ind2=" ">
      <subfield code="a">(DE-605)HT007252218</subfield>
    </datafield>
    <datafield tag="035" ind1=" " ind2=" ">
      <subfield code="a">(ALEPHCCHBZ)006861916HBZ01</subfield>
    </datafield>
    <datafield tag="016" ind1="7" ind2=" ">
      <subfield code="a">1070744834</subfield>
      <subfield code="2">OCoLC</subfield>
    </datafield>
    <datafield tag="020" ind1=" " ind2=" ">
      <subfield code="a">3823340891</subfield>
      <subfield code="c">kart. : ca. DM 58.00, ca. sfr 55.00, ca. S 429.00</subfield>
      <subfield code="0">(uri) http://www.isbnsearch.org/isbn/3823340891</subfield>
    </datafield>
    <datafield tag="035" ind1=" " ind2=" ">
      <subfield code="a">(OCoLC)1070744834</subfield>
      <subfield code="0">(uri) http://www.worldcat.org/oclc/1070744834</subfield>
    </datafield>
    <datafield tag="035" ind1=" " ind2=" ">
      <subfield code="a">(DE-599)HBZHT007252218</subfield>
    </datafield>
    <datafield tag="040" ind1=" " ind2=" ">
      <subfield code="a">61</subfield>
      <subfield code="b">ger</subfield>
      <subfield code="d">61</subfield>
      <subfield code="e">rakwb</subfield>
    </datafield>
    <datafield tag="041" ind1=" " ind2=" ">
      <subfield code="a">ger</subfield>
    </datafield>
    <datafield tag="044" ind1=" " ind2=" ">
      <subfield code="c">XA-DE</subfield>
    </datafield>
    <datafield tag="100" ind1="1" ind2=" ">
      <subfield code="a">Lauber, Cornelia</subfield>
      <subfield code="0">(DE-588)114469725</subfield>
      <subfield code="4">aut</subfield>
    </datafield>
    <datafield tag="245" ind1="1" ind2="0">
      <subfield code="a">Selbstporträts</subfield>
      <subfield code="b">zum soziologischen Profil von Literaturübersetzern aus dem Französischen</subfield>
      <subfield code="c">Cornelia Lauber</subfield>
    </datafield>
    <datafield tag="264" ind1=" " ind2="1">
      <subfield code="a">Tübingen</subfield>
      <subfield code="b">Narr</subfield>
      <subfield code="c">1996</subfield>
    </datafield>
    <datafield tag="300" ind1=" " ind2=" ">
      <subfield code="a">140 S.</subfield>
    </datafield>
    <datafield tag="490" ind1="1" ind2=" ">
      <subfield code="a">Transfer</subfield>
      <subfield code="v">10</subfield>
    </datafield>
    <datafield tag="502" ind1=" " ind2=" ">
      <subfield code="a">Zugl.: Düsseldorf, Univ., Dipl.-Arb. Studiengang Literaturübersetzen</subfield>
    </datafield>
    <datafield tag="583" ind1="1" ind2=" ">
      <subfield code="a">Archivierung/Langzeitarchivierung gewährleistet</subfield>
      <subfield code="5">DE-61</subfield>
    </datafield>
    <datafield tag="689" ind1="0" ind2="0">
      <subfield code="a">Deutschland</subfield>
      <subfield code="D">g</subfield>
      <subfield code="0">(DE-588)4011882-4</subfield>
      <subfield code="0">(uri) https://portal.dnb.de/opac.htm?method=simpleSearch&amp;cqlMode=true&amp;query=idn=040118827</subfield>
      <subfield code="0">(uri) http://viaf.org/viaf/sourceID/DNB|040118827</subfield>
    </datafield>
    <datafield tag="689" ind1="0" ind2="1">
      <subfield code="a">Übersetzer</subfield>
      <subfield code="D">s</subfield>
      <subfield code="0">(DE-588)4061414-1</subfield>
      <subfield code="0">(uri) https://portal.dnb.de/opac.htm?method=simpleSearch&amp;cqlMode=true&amp;query=idn=04061414X</subfield>
      <subfield code="0">(uri) http://viaf.org/viaf/sourceID/DNB|04061414X</subfield>
    </datafield>
    <datafield tag="689" ind1="0" ind2="2">
      <subfield code="a">Französisch</subfield>
      <subfield code="D">s</subfield>
      <subfield code="0">(DE-588)4113615-9</subfield>
      <subfield code="0">(uri) https://portal.dnb.de/opac.htm?method=simpleSearch&amp;cqlMode=true&amp;query=idn=041136152</subfield>
      <subfield code="0">(uri) http://viaf.org/viaf/sourceID/DNB|041136152</subfield>
    </datafield>
    <datafield tag="689" ind1="0" ind2="3">
      <subfield code="a">Literatur</subfield>
      <subfield code="D">s</subfield>
      <subfield code="0">(DE-588)4035964-5</subfield>
      <subfield code="0">(uri) https://portal.dnb.de/opac.htm?method=simpleSearch&amp;cqlMode=true&amp;query=idn=040359646</subfield>
      <subfield code="0">(uri) http://viaf.org/viaf/sourceID/DNB|040359646</subfield>
    </datafield>
    <datafield tag="751" ind1=" " ind2=" ">
      <subfield code="a">Düsseldorf</subfield>
      <subfield code="0">(DE-588)4013255-9</subfield>
      <subfield code="4">uvp</subfield>
      <subfield code="0">(uri) https://portal.dnb.de/opac.htm?method=simpleSearch&amp;cqlMode=true&amp;query=idn=040132552</subfield>
      <subfield code="0">(uri) http://viaf.org/viaf/sourceID/DNB|040132552</subfield>
    </datafield>
    <datafield tag="830" ind1=" " ind2="0">
      <subfield code="a">Transfer</subfield>
      <subfield code="w">(DE-605)HT003430388</subfield>
      <subfield code="v">10</subfield>
      <subfield code="9">O:1</subfield>
    </datafield>
    <datafield tag="856" ind1="4" ind2="2">
      <subfield code="m">V:DE-605;X:migimw</subfield>
      <subfield code="q">application/pdf</subfield>
      <subfield code="u">http://digitale-objekte.hbz-nrw.de/storage/2006/01/25/file_401/1409545.pdf</subfield>
      <subfield code="3">Inhaltsverzeichnis</subfield>
      <subfield code="9">O:PKN</subfield>
    </datafield>
    <datafield tag="964" ind1="0" ind2="s">
      <subfield code="F">030</subfield>
      <subfield code="A">a|1uc||||||17</subfield>
    </datafield>
    <datafield tag="964" ind1="0" ind2="s">
      <subfield code="F">050</subfield>
      <subfield code="A">a|||||||||||||</subfield>
    </datafield>
    <datafield tag="964" ind1="0" ind2="s">
      <subfield code="F">051</subfield>
      <subfield code="A">sy||||||</subfield>
    </datafield>
    <datafield tag="MBD" ind1=" " ind2=" ">
      <subfield code="M">49HBZ_NETWORK</subfield>
      <subfield code="i">990068619160206441</subfield>
      <subfield code="n">HBZ Network</subfield>
    </datafield>
    <datafield tag="MBD" ind1=" " ind2=" ">
      <subfield code="M">49HBZ_WUP</subfield>
      <subfield code="i">990007596260206447</subfield>
      <subfield code="n">Bergische Universität Wuppertal</subfield>
    </datafield>
    <datafield tag="830" ind1=" " ind2="0">
      <subfield code="a">Transfer</subfield>
      <subfield code="w">(DE-605)HT003430388</subfield>
      <subfield code="v">10</subfield>
      <subfield code="9">O:1</subfield>
      <subfield code="M">49HBZ_WUP</subfield>
    </datafield>
    <datafield tag="856" ind1="4" ind2="2">
      <subfield code="m">V:DE-605;X:migimw</subfield>
      <subfield code="q">application/pdf</subfield>
      <subfield code="u">http://digitale-objekte.hbz-nrw.de/storage/2006/01/25/file_401/1409545.pdf</subfield>
      <subfield code="3">Inhaltsverzeichnis</subfield>
      <subfield code="9">O:PKN</subfield>
      <subfield code="M">49HBZ_WUP</subfield>
    </datafield>
    <datafield tag="983" ind1=" " ind2=" ">
      <subfield code="b">EXI</subfield>
      <subfield code="9">LOCAL</subfield>
      <subfield code="M">49HBZ_WUP</subfield>
    </datafield>
    <datafield tag="983" ind1=" " ind2=" ">
      <subfield code="b">BKH</subfield>
      <subfield code="9">LOCAL</subfield>
      <subfield code="M">49HBZ_WUP</subfield>
    </datafield>
    <datafield tag="983" ind1=" " ind2=" ">
      <subfield code="b">ZZV</subfield>
      <subfield code="9">LOCAL</subfield>
      <subfield code="M">49HBZ_WUP</subfield>
    </datafield>
    <datafield tag="MBD" ind1=" " ind2=" ">
      <subfield code="M">49HBZ_BIE</subfield>
      <subfield code="i">991006742099706442</subfield>
      <subfield code="n">Universität Bielefeld</subfield>
    </datafield>
    <datafield tag="830" ind1=" " ind2="0">
      <subfield code="a">Transfer</subfield>
      <subfield code="w">(DE-605)HT003430388</subfield>
      <subfield code="v">10</subfield>
      <subfield code="9">O:1</subfield>
      <subfield code="M">49HBZ_BIE</subfield>
    </datafield>
    <datafield tag="856" ind1="4" ind2="2">
      <subfield code="m">V:DE-605;X:migimw</subfield>
      <subfield code="q">application/pdf</subfield>
      <subfield code="u">http://digitale-objekte.hbz-nrw.de/storage/2006/01/25/file_401/1409545.pdf</subfield>
      <subfield code="3">Inhaltsverzeichnis</subfield>
      <subfield code="9">O:PKN</subfield>
      <subfield code="M">49HBZ_BIE</subfield>
    </datafield>
    <datafield tag="980" ind1="1" ind2=" ">
      <subfield code="9">LOCAL</subfield>
      <subfield code="e">HBZ</subfield>
      <subfield code="M">49HBZ_BIE</subfield>
    </datafield>
    <datafield tag="981" ind1=" " ind2=" ">
      <subfield code="9">LOCAL</subfield>
      <subfield code="a">(DE-361)1670673</subfield>
      <subfield code="M">49HBZ_BIE</subfield>
    </datafield>
    <datafield tag="997" ind1=" " ind2=" ">
      <subfield code="9">LOCAL</subfield>
      <subfield code="a">20020121</subfield>
      <subfield code="M">49HBZ_BIE</subfield>
    </datafield>
    <datafield tag="MBD" ind1=" " ind2=" ">
      <subfield code="M">49HBZ_UDE</subfield>
      <subfield code="i">990007435030206446</subfield>
      <subfield code="n">Universität Duisburg-Essen</subfield>
    </datafield>
    <datafield tag="830" ind1=" " ind2="0">
      <subfield code="a">Transfer</subfield>
      <subfield code="w">(DE-605)HT003430388</subfield>
      <subfield code="v">10</subfield>
      <subfield code="9">O:1</subfield>
      <subfield code="M">49HBZ_UDE</subfield>
    </datafield>
    <datafield tag="856" ind1="4" ind2="2">
      <subfield code="m">V:DE-605;X:migimw</subfield>
      <subfield code="q">application/pdf</subfield>
      <subfield code="u">http://digitale-objekte.hbz-nrw.de/storage/2006/01/25/file_401/1409545.pdf</subfield>
      <subfield code="3">Inhaltsverzeichnis</subfield>
      <subfield code="9">O:PKN</subfield>
      <subfield code="M">49HBZ_UDE</subfield>
    </datafield>
    <datafield tag="983" ind1=" " ind2=" ">
      <subfield code="b">BKH</subfield>
      <subfield code="9">LOCAL</subfield>
      <subfield code="M">49HBZ_UDE</subfield>
    </datafield>
    <datafield tag="MBD" ind1=" " ind2=" ">
      <subfield code="M">49HBZ_DUE</subfield>
      <subfield code="i">990010760890206443</subfield>
      <subfield code="n">Universität Düsseldorf</subfield>
    </datafield>
    <datafield tag="830" ind1=" " ind2="0">
      <subfield code="a">Transfer</subfield>
      <subfield code="w">(DE-605)HT003430388</subfield>
      <subfield code="v">10</subfield>
      <subfield code="9">O:1</subfield>
      <subfield code="M">49HBZ_DUE</subfield>
    </datafield>
    <datafield tag="856" ind1="4" ind2="2">
      <subfield code="m">V:DE-605;X:migimw</subfield>
      <subfield code="q">application/pdf</subfield>
      <subfield code="u">http://digitale-objekte.hbz-nrw.de/storage/2006/01/25/file_401/1409545.pdf</subfield>
      <subfield code="3">Inhaltsverzeichnis</subfield>
      <subfield code="9">O:PKN</subfield>
      <subfield code="M">49HBZ_DUE</subfield>
    </datafield>
    <datafield tag="983" ind1=" " ind2=" ">
      <subfield code="a">romc250</subfield>
      <subfield code="9">LOCAL</subfield>
      <subfield code="M">49HBZ_DUE</subfield>
    </datafield>
    <datafield tag="996" ind1="0" ind2=" ">
      <subfield code="s">Profil</subfield>
      <subfield code="0">(DE-588)4533611-8</subfield>
      <subfield code="9">LOCAL</subfield>
      <subfield code="M">49HBZ_DUE</subfield>
    </datafield>
    <datafield tag="996" ind1="0" ind2=" ">
      <subfield code="s">Selbstbildnis</subfield>
      <subfield code="0">(DE-588)4054394-8</subfield>
      <subfield code="9">LOCAL</subfield>
      <subfield code="M">49HBZ_DUE</subfield>
    </datafield>
    <datafield tag="996" ind1="0" ind2=" ">
      <subfield code="a">Frankreich</subfield>
      <subfield code="9">LOCAL</subfield>
      <subfield code="M">49HBZ_DUE</subfield>
    </datafield>
    <datafield tag="996" ind1="0" ind2=" ">
      <subfield code="a">Französisch</subfield>
      <subfield code="9">LOCAL</subfield>
      <subfield code="M">49HBZ_DUE</subfield>
    </datafield>
    <datafield tag="996" ind1="0" ind2=" ">
      <subfield code="a">Literaturübersetzer</subfield>
      <subfield code="9">LOCAL</subfield>
      <subfield code="M">49HBZ_DUE</subfield>
    </datafield>
    <datafield tag="996" ind1="0" ind2=" ">
      <subfield code="a">Porträt</subfield>
      <subfield code="9">LOCAL</subfield>
      <subfield code="M">49HBZ_DUE</subfield>
    </datafield>
    <datafield tag="996" ind1="0" ind2=" ">
      <subfield code="a">Selbstporträt</subfield>
      <subfield code="9">LOCAL</subfield>
      <subfield code="M">49HBZ_DUE</subfield>
    </datafield>
    <datafield tag="996" ind1="0" ind2=" ">
      <subfield code="a">Soziologie</subfield>
      <subfield code="9">LOCAL</subfield>
      <subfield code="M">49HBZ_DUE</subfield>
    </datafield>
    <datafield tag="996" ind1="0" ind2=" ">
      <subfield code="a">französisch</subfield>
      <subfield code="9">LOCAL</subfield>
      <subfield code="M">49HBZ_DUE</subfield>
    </datafield>
    <datafield tag="996" ind1="0" ind2=" ">
      <subfield code="a">soziologisch</subfield>
      <subfield code="9">LOCAL</subfield>
      <subfield code="M">49HBZ_DUE</subfield>
    </datafield>
    <datafield tag="MNG" ind1=" " ind2=" ">
      <subfield code="f">ILS</subfield>
      <subfield code="i">marc21</subfield>
      <subfield code="k">01</subfield>
      <subfield code="e">false</subfield>
      <subfield code="g">006861916-HBZ01</subfield>
      <subfield code="j">60</subfield>
      <subfield code="a">import</subfield>
      <subfield code="b">2020-07-17 03:51:32 Europe/Berlin</subfield>
    </datafield>
    <datafield tag="HOL" ind1=" " ind2=" ">
      <subfield code="b">2020-07-01 10:03:46</subfield>
      <subfield code="8">2226984830006447</subfield>
      <subfield code="M">49HBZ_WUP</subfield>
      <subfield code="g">false</subfield>
      <subfield code="a">import</subfield>
    </datafield>
    <datafield tag="HOL" ind1=" " ind2=" ">
      <subfield code="b">2020-07-01 10:03:46</subfield>
      <subfield code="8">2226984790006447</subfield>
      <subfield code="M">49HBZ_WUP</subfield>
      <subfield code="g">false</subfield>
      <subfield code="a">import</subfield>
    </datafield>
    <datafield tag="ITM" ind1=" " ind2=" ">
      <subfield code="H">2226984830006447</subfield>
      <subfield code="a">2326984800006447</subfield>
      <subfield code="s">1</subfield>
      <subfield code="p">15</subfield>
      <subfield code="c">ZZV400937</subfield>
      <subfield code="b">000240000000010</subfield>
      <subfield code="M">49HBZ_WUP</subfield>
    </datafield>
    <datafield tag="HOL" ind1=" " ind2=" ">
      <subfield code="b">2020-07-19 20:23:25</subfield>
      <subfield code="8">2223496100006442</subfield>
      <subfield code="M">49HBZ_BIE</subfield>
      <subfield code="g">false</subfield>
      <subfield code="a">import</subfield>
    </datafield>
    <datafield tag="ITM" ind1=" " ind2=" ">
      <subfield code="H">2223496100006442</subfield>
      <subfield code="a">2323496090006442</subfield>
      <subfield code="s">1</subfield>
      <subfield code="p">item_08</subfield>
      <subfield code="c">OK610 L366</subfield>
      <subfield code="b">158_3167863+01</subfield>
      <subfield code="M">49HBZ_BIE</subfield>
    </datafield>
    <datafield tag="HOL" ind1=" " ind2=" ">
      <subfield code="b">2020-07-07 11:36:36</subfield>
      <subfield code="8">2240290560006446</subfield>
      <subfield code="M">49HBZ_UDE</subfield>
      <subfield code="g">false</subfield>
      <subfield code="a">import</subfield>
    </datafield>
    <datafield tag="HOL" ind1=" " ind2=" ">
      <subfield code="b">2020-07-07 11:36:36</subfield>
      <subfield code="8">2240290580006446</subfield>
      <subfield code="M">49HBZ_UDE</subfield>
      <subfield code="g">false</subfield>
      <subfield code="a">import</subfield>
    </datafield>
    <datafield tag="ITM" ind1=" " ind2=" ">
      <subfield code="H">2240290580006446</subfield>
      <subfield code="a">2340290570006446</subfield>
      <subfield code="s">1</subfield>
      <subfield code="p">10</subfield>
      <subfield code="c">BKH1886</subfield>
      <subfield code="b">BKH1886</subfield>
      <subfield code="M">49HBZ_UDE</subfield>
    </datafield>
    <datafield tag="HOL" ind1=" " ind2=" ">
      <subfield code="b">2020-07-01 07:24:18</subfield>
      <subfield code="8">2218850210006443</subfield>
      <subfield code="M">49HBZ_DUE</subfield>
      <subfield code="g">false</subfield>
      <subfield code="a">import</subfield>
    </datafield>
    <datafield tag="HOL" ind1=" " ind2=" ">
      <subfield code="b">2020-07-01 07:24:18</subfield>
      <subfield code="8">2218850230006443</subfield>
      <subfield code="M">49HBZ_DUE</subfield>
      <subfield code="g">false</subfield>
      <subfield code="a">import</subfield>
    </datafield>
    <datafield tag="ITM" ind1=" " ind2=" ">
      <subfield code="H">2218850230006443</subfield>
      <subfield code="a">2318850220006443</subfield>
      <subfield code="s">1</subfield>
      <subfield code="p">10</subfield>
      <subfield code="c">romc250.l366</subfield>
      <subfield code="b">093850901</subfield>
      <subfield code="M">49HBZ_DUE</subfield>
    </datafield>
  </record>