
  <record>
    <leader>00000nam#a2200000#ub4500</leader>
    <controlfield tag="003">DE-605</controlfield>
    <controlfield tag="005">20140603112300.0</controlfield>
    <controlfield tag="007">tu</controlfield>
    <controlfield tag="008">140519|2011####xxu###########|||#u#eng#c</controlfield>
    <controlfield tag="009">HT018264803</controlfield>
    <controlfield tag="001">990203911330206441</controlfield>
    <datafield tag="035" ind1=" " ind2=" ">
      <subfield code="a">HT018264803</subfield>
    </datafield>
    <datafield tag="035" ind1=" " ind2=" ">
      <subfield code="a">(DE-605)HT018264803</subfield>
    </datafield>
    <datafield tag="035" ind1=" " ind2=" ">
      <subfield code="a">(ALEPHCCHBZ)020391133HBZ01</subfield>
    </datafield>
    <datafield tag="016" ind1="7" ind2=" ">
      <subfield code="a">838518862</subfield>
      <subfield code="2">OCoLC</subfield>
    </datafield>
    <datafield tag="020" ind1=" " ind2=" ">
      <subfield code="a">9780841226128</subfield>
      <subfield code="0">(uri) http://www.isbnsearch.org/isbn/9780841226128</subfield>
    </datafield>
    <datafield tag="020" ind1=" " ind2=" ">
      <subfield code="a">0841226121</subfield>
      <subfield code="c">(hbk.) No price</subfield>
      <subfield code="0">(uri) http://www.isbnsearch.org/isbn/0841226121</subfield>
    </datafield>
    <datafield tag="035" ind1=" " ind2=" ">
      <subfield code="a">(OCoLC)838518862</subfield>
      <subfield code="0">(uri) http://www.worldcat.org/oclc/838518862</subfield>
    </datafield>
    <datafield tag="035" ind1=" " ind2=" ">
      <subfield code="a">(DE-599)HBZHT018264803</subfield>
    </datafield>
    <datafield tag="040" ind1=" " ind2=" ">
      <subfield code="a">A 96</subfield>
      <subfield code="b">ger</subfield>
      <subfield code="d">A 96</subfield>
    </datafield>
    <datafield tag="041" ind1=" " ind2=" ">
      <subfield code="a">eng</subfield>
    </datafield>
    <datafield tag="044" ind1=" " ind2=" ">
      <subfield code="c">XD-US</subfield>
    </datafield>
    <datafield tag="090" ind1=" " ind2=" ">
      <subfield code="h">h</subfield>
    </datafield>
    <datafield tag="245" ind1="0" ind2="0">
      <subfield code="a">Rapid characterization of microorganisms by mass spectrometry</subfield>
      <subfield code="c">Catherine Fenselau, ed. ...</subfield>
    </datafield>
    <datafield tag="264" ind1=" " ind2="1">
      <subfield code="a">Washington, DC</subfield>
      <subfield code="b">American Chemical Society</subfield>
      <subfield code="c">2011</subfield>
    </datafield>
    <datafield tag="300" ind1=" " ind2=" ">
      <subfield code="a">VIII, 237 S. : Ill., graph. Darst.</subfield>
    </datafield>
    <datafield tag="490" ind1="1" ind2=" ">
      <subfield code="a">ACS symposium series</subfield>
      <subfield code="v">1065</subfield>
    </datafield>
    <datafield tag="650" ind1=" " ind2="0">
      <subfield code="a">Microorganisms--Identification.</subfield>
    </datafield>
    <datafield tag="650" ind1=" " ind2="0">
      <subfield code="a">Mass spectrometry.</subfield>
    </datafield>
    <datafield tag="650" ind1=" " ind2="0">
      <subfield code="a">Microbiological chemistry.</subfield>
    </datafield>
    <datafield tag="700" ind1="1" ind2=" ">
      <subfield code="a">Fenselau, Catherine</subfield>
      <subfield code="d">1939-</subfield>
      <subfield code="0">(DE-588)1018725954</subfield>
      <subfield code="4">edt</subfield>
      <subfield code="0">(uri) https://portal.dnb.de/opac.htm?method=simpleSearch&amp;cqlMode=true&amp;query=idn=1018725954</subfield>
      <subfield code="0">(uri) http://viaf.org/viaf/sourceID/DNB|1018725954</subfield>
    </datafield>
    <datafield tag="830" ind1=" " ind2="0">
      <subfield code="a">ACS symposium series</subfield>
      <subfield code="w">(DE-605)HT001233088</subfield>
      <subfield code="v">1065</subfield>
      <subfield code="9">O:1</subfield>
    </datafield>
    <datafield tag="964" ind1="0" ind2="s">
      <subfield code="F">030</subfield>
      <subfield code="A">a|1dz||z|||37</subfield>
    </datafield>
    <datafield tag="964" ind1="0" ind2="s">
      <subfield code="F">050</subfield>
      <subfield code="A">a|a|||||||||||</subfield>
    </datafield>
    <datafield tag="964" ind1="0" ind2="s">
      <subfield code="F">051</subfield>
      <subfield code="A">s|||z|||</subfield>
    </datafield>
    <datafield tag="MBD" ind1=" " ind2=" ">
      <subfield code="M">49HBZ_NETWORK</subfield>
      <subfield code="i">990203911330206441</subfield>
      <subfield code="n">HBZ Network</subfield>
    </datafield>
    <datafield tag="MBD" ind1=" " ind2=" ">
      <subfield code="M">49HBZ_FHA</subfield>
      <subfield code="i">991000618589706444</subfield>
      <subfield code="n">Fachhochschule Aachen</subfield>
    </datafield>
    <datafield tag="830" ind1=" " ind2="0">
      <subfield code="a">ACS symposium series</subfield>
      <subfield code="w">(DE-605)HT001233088</subfield>
      <subfield code="v">1065</subfield>
      <subfield code="9">O:1</subfield>
      <subfield code="M">49HBZ_FHA</subfield>
    </datafield>
    <datafield tag="980" ind1="1" ind2=" ">
      <subfield code="9">LOCAL</subfield>
      <subfield code="e">HBZ</subfield>
      <subfield code="M">49HBZ_FHA</subfield>
    </datafield>
    <datafield tag="981" ind1=" " ind2=" ">
      <subfield code="9">LOCAL</subfield>
      <subfield code="a">(DE-A96)492417</subfield>
      <subfield code="M">49HBZ_FHA</subfield>
    </datafield>
    <datafield tag="983" ind1=" " ind2=" ">
      <subfield code="9">LOCAL</subfield>
      <subfield code="b">UTI</subfield>
      <subfield code="b">VOW</subfield>
      <subfield code="M">49HBZ_FHA</subfield>
    </datafield>
    <datafield tag="989" ind1=" " ind2=" ">
      <subfield code="9">LOCAL</subfield>
      <subfield code="a">neu1406</subfield>
      <subfield code="M">49HBZ_FHA</subfield>
    </datafield>
    <datafield tag="991" ind1=" " ind2=" ">
      <subfield code="9">LOCAL</subfield>
      <subfield code="a">br/nie</subfield>
      <subfield code="M">49HBZ_FHA</subfield>
    </datafield>
    <datafield tag="997" ind1=" " ind2=" ">
      <subfield code="9">LOCAL</subfield>
      <subfield code="a">20140519</subfield>
      <subfield code="M">49HBZ_FHA</subfield>
    </datafield>
    <datafield tag="MNG" ind1=" " ind2=" ">
      <subfield code="f">ILS</subfield>
      <subfield code="i">marc21</subfield>
      <subfield code="k">01</subfield>
      <subfield code="e">false</subfield>
      <subfield code="g">020391133-HBZ01</subfield>
      <subfield code="j">60</subfield>
      <subfield code="a">import</subfield>
      <subfield code="b">2020-07-16 14:23:05 Europe/Berlin</subfield>
    </datafield>
    <datafield tag="HOL" ind1=" " ind2=" ">
      <subfield code="b">2020-07-16 19:39:20</subfield>
      <subfield code="8">227485880006444</subfield>
      <subfield code="M">49HBZ_FHA</subfield>
      <subfield code="g">false</subfield>
      <subfield code="a">import</subfield>
    </datafield>
    <datafield tag="ITM" ind1=" " ind2=" ">
      <subfield code="H">227485880006444</subfield>
      <subfield code="a">237485870006444</subfield>
      <subfield code="s">0</subfield>
      <subfield code="p">ZZZ</subfield>
      <subfield code="c">61 UTI 12</subfield>
      <subfield code="b">61UTI12</subfield>
      <subfield code="M">49HBZ_FHA</subfield>
    </datafield>
  </record>