
  <!-- Test load 2 -->
  <record>
    <leader>00000dam a2200000 u 4500</leader>
    <controlfield tag="001">990005255180306447</controlfield>
    <datafield tag="035" ind1=" " ind2=" ">
      <subfield code="a">BC-00338878</subfield>
    </datafield>
    <datafield tag="035" ind1=" " ind2=" ">
      <subfield code="a">(Aleph)000525518WUP40-Aleph</subfield>
    </datafield>
    <datafield tag="020" ind1=" " ind2=" ">
      <subfield code="a">978-3-8375-0663-1</subfield>
      <subfield code="0">(uri) http://www.isbnsearch.org/isbn/978-3-8375-0663-1</subfield>
    </datafield>
    <datafield tag="035" ind1=" " ind2=" ">
      <subfield code="a">(DE-576)999999999</subfield>
    </datafield>
    <datafield tag="040" ind1=" " ind2=" ">
      <subfield code="c">DE-576</subfield>
    </datafield>
    <datafield tag="100" ind1="1" ind2=" ">
      <subfield code="a">Klemp, Stefan</subfield>
    </datafield>
    <datafield tag="245" ind1="0" ind2="0">
      <subfield code="a">"Nicht ermittelt" : Polizeibataillone und die Nachkriegsjustiz ; ein Handbuch.</subfield>
    </datafield>
    <datafield tag="250" ind1=" " ind2=" ">
      <subfield code="a">2., erw. und überarb</subfield>
    </datafield>
    <datafield tag="260" ind1=" " ind2=" ">
      <subfield code="a">Essen :</subfield>
      <subfield code="b">Klartext-Verl.,</subfield>
      <subfield code="c">2011.</subfield>
    </datafield>
    <datafield tag="270" ind1=" " ind2=" ">
      <subfield code="a">Klartext-Verl.</subfield>
    </datafield>
    <datafield tag="590" ind1=" " ind2=" ">
      <subfield code="a">HBZ$|6:00000040 3K 38589 |361:00000014 DD834 K64|929:00000000 2012/2322 |Dü62:cdd 11 LHM 105 |Bm3/2:F D 615/17:2 |61:00 pfl/d6284 #HBZ$|380:Fmo 3.09 Klemp|Sol1:MA 3568/5 |168:#BVB$|12:|384:|19:|M352:|</subfield>
    </datafield>
    <datafield tag="ISS" ind1=" " ind2=" ">
      <subfield code="y">2011</subfield>
    </datafield>
    <datafield tag="MBD" ind1=" " ind2=" ">
      <subfield code="M">49HBZ_NETWORK</subfield>
    </datafield>
    <datafield tag="MBD" ind1=" " ind2=" ">
      <subfield code="M">49HBZ_FHA</subfield>
    </datafield>
    <datafield tag="MBD" ind1=" " ind2=" ">
      <subfield code="M">49HBZ_WUP</subfield>
    </datafield>
  </record>