
  <record>
    <datafield tag="DEL" ind1="-" ind2="1">
      <subfield code="a">Y</subfield>
    </datafield>
    <leader>00328nam a2200133 a 4500</leader>
    <controlfield tag="005">20200707</controlfield>
    <controlfield tag="007">cr |||||||||||</controlfield>
    <controlfield tag="008">||||||nuuuuuuuu|||||| |o|||||||||||und||</controlfield>
    <controlfield tag="001">991000065939706444</controlfield>
    <datafield tag="035" ind1=" " ind2=" ">
      <subfield code="a">(DE-A96)410543-49hbz_fha</subfield>
    </datafield>
    <datafield tag="035" ind1=" " ind2=" ">
      <subfield code="a">410543</subfield>
      <subfield code="9">ExL</subfield>
    </datafield>
    <datafield tag="245" ind1="0" ind2="0">
      <subfield code="a">UTB-studi-E-Book</subfield>
      <subfield code="b">EMedien 6-2012</subfield>
    </datafield>
    <datafield tag="264" ind1=" " ind2=" ">
      <subfield code="a">Stuttgart</subfield>
      <subfield code="b">UTB</subfield>
    </datafield>
    <datafield tag="981" ind1=" " ind2=" ">
      <subfield code="a">(A96)410543</subfield>
      <subfield code="9">LOCAL</subfield>
    </datafield>
    <datafield tag="989" ind1=" " ind2=" ">
      <subfield code="a">Ebook-Paket</subfield>
      <subfield code="9">LOCAL</subfield>
    </datafield>
    <datafield tag="997" ind1=" " ind2=" ">
      <subfield code="a">20130204</subfield>
      <subfield code="9">LOCAL</subfield>
    </datafield>
    <datafield tag="MBD" ind1=" " ind2=" ">
      <subfield code="M">49HBZ_NETWORK</subfield>
    </datafield>
    <datafield tag="MBD" ind1=" " ind2=" ">
      <subfield code="M">49HBZ_FHA</subfield>
    </datafield>
  </record>