
  <record>
    <datafield tag="DEL" ind1="-" ind2="1">
      <subfield code="a">Y</subfield>
    </datafield>
    <leader>00388nam  22001333u 4500</leader>
    <controlfield tag="008">210107s2013####xx######r#####000#0#eng#d</controlfield>
    <controlfield tag="005">20210107170049.0</controlfield>
    <controlfield tag="001">991004562349606444</controlfield>
    <datafield tag="020" ind1=" " ind2=" ">
      <subfield code="a">978-3407754271</subfield>
      <subfield code="0">(uri) http://www.isbnsearch.org/isbn/978-3407754271</subfield>
    </datafield>
    <datafield tag="100" ind1="1" ind2=" ">
      <subfield code="a">Beatrice Alemagna</subfield>
    </datafield>
    <datafield tag="245" ind1="1" ind2="0">
      <subfield code="a">Das wundervolle Fluffipuff: Fünffarbiges Bilderbuch mit Ausklappseite</subfield>
    </datafield>
    <datafield tag="250" ind1=" " ind2=" ">
      <subfield code="a">Lizenzausgabe</subfield>
    </datafield>
    <datafield tag="260" ind1=" " ind2=" ">
      <subfield code="b">Beltz &amp; Gelberg</subfield>
    </datafield>
    <datafield tag="773" ind1="0" ind2=" ">
      <subfield code="g">p:48 Seiten </subfield>
    </datafield>
    <datafield tag="H52" ind1="8" ind2=" ">
      <subfield code="b">RES_SHARE</subfield>
      <subfield code="c">OUT_RS_REQ</subfield>
      <subfield code="8">2254089930006444</subfield>
    </datafield>
    <datafield tag="HOL" ind1=" " ind2=" ">
      <subfield code="d">2021-01-07 16:00:54</subfield>
      <subfield code="8">2254089930006444</subfield>
      <subfield code="b">2021-01-07 16:00:54</subfield>
      <subfield code="M">49HBZ_FHA</subfield>
      <subfield code="e">Resource Sharing Library</subfield>
      <subfield code="f">Borrowing Resource Sharing Requests</subfield>
      <subfield code="g">false</subfield>
      <subfield code="a">horita</subfield>
      <subfield code="c">horita</subfield>
    </datafield>
    <datafield tag="MBD" ind1=" " ind2=" ">
      <subfield code="M">49HBZ_NETWORK</subfield>
    </datafield>
    <datafield tag="MBD" ind1=" " ind2=" ">
      <subfield code="M">49HBZ_FHA</subfield>
    </datafield>
    <datafield tag="MBD" ind1=" " ind2=" ">
      <subfield code="M">49HBZ_WUP</subfield>
    </datafield>
  </record>