
  <record>
    <datafield tag="DEL" ind1="-" ind2="1">
      <subfield code="a">Y</subfield>
    </datafield>
    <leader>00393dam  22001213u 4500</leader>
    <controlfield tag="008">210108s2021    xx      r     000 0 ger d</controlfield>
    <controlfield tag="005">20210108064253.0</controlfield>
    <controlfield tag="001">99203866538906446</controlfield>
    <datafield tag="020" ind1=" " ind2=" ">
      <subfield code="a">978-1-138-30604-2</subfield>
      <subfield code="0">(uri) http://www.isbnsearch.org/isbn/978-1-138-30604-2</subfield>
    </datafield>
    <datafield tag="035" ind1=" " ind2=" ">
      <subfield code="a">HT019870046</subfield>
    </datafield>
    <datafield tag="100" ind1="1" ind2=" ">
      <subfield code="a">Reger, Jo [Herausgeber]</subfield>
    </datafield>
    <datafield tag="245" ind1="1" ind2="0">
      <subfield code="a">Nevertheless they persisted : feminisms and continued resistance in the U.S. women's movement</subfield>
    </datafield>
    <datafield tag="260" ind1=" " ind2=" ">
      <subfield code="a">New York </subfield>
      <subfield code="b">Routledge</subfield>
      <subfield code="c">2019</subfield>
    </datafield>
    <datafield tag="H52" ind1="8" ind2=" ">
      <subfield code="b">E0001</subfield>
      <subfield code="c">FL-AUSL</subfield>
      <subfield code="8">22249909390006446</subfield>
    </datafield>
    <datafield tag="HOL" ind1=" " ind2=" ">
      <subfield code="d">2021-01-08 05:44:37</subfield>
      <subfield code="8">22249909390006446</subfield>
      <subfield code="b">2021-01-08 05:44:31</subfield>
      <subfield code="M">49HBZ_UDE</subfield>
      <subfield code="g">false</subfield>
      <subfield code="a">System</subfield>
      <subfield code="c">System</subfield>
    </datafield>
    <datafield tag="MBD" ind1=" " ind2=" ">
      <subfield code="M">49HBZ_NETWORK</subfield>
    </datafield>
    <datafield tag="MBD" ind1=" " ind2=" ">
      <subfield code="M">49HBZ_FHA</subfield>
    </datafield>
    <datafield tag="MBD" ind1=" " ind2=" ">
      <subfield code="M">49HBZ_WUP</subfield>
    </datafield>
  </record>