
  <record>
    <leader>00000cas#a22000001c#4500</leader>
    <controlfield tag="005">20131014112500.0</controlfield>
    <controlfield tag="007">tu</controlfield>
    <controlfield tag="008">991121m19959999xxus|#p#######|####|eng#c</controlfield>
    <controlfield tag="009">WU000014939</controlfield>
    <controlfield tag="001">990013054080206447</controlfield>
    <datafield tag="035" ind1=" " ind2=" ">
      <subfield code="a">WU000014939</subfield>
    </datafield>
    <datafield tag="035" ind1=" " ind2=" ">
      <subfield code="a">(DE-468)WU000014939</subfield>
    </datafield>
    <datafield tag="035" ind1=" " ind2=" ">
      <subfield code="a">(Aleph)001305408WUP01-Aleph</subfield>
    </datafield>
    <datafield tag="016" ind1="7" ind2=" ">
      <subfield code="a">01749964X</subfield>
      <subfield code="2">DE-101b</subfield>
    </datafield>
    <datafield tag="016" ind1="7" ind2=" ">
      <subfield code="a">642988128</subfield>
      <subfield code="2">OCoLC</subfield>
    </datafield>
    <datafield tag="022" ind1=" " ind2=" ">
      <subfield code="a">1079-5014</subfield>
      <subfield code="0">(uri) http://worldcat.org/issn/1079-5014</subfield>
    </datafield>
    <datafield tag="029" ind1="a" ind2="c">
      <subfield code="a">ISSN 1758-5368</subfield>
    </datafield>
    <datafield tag="035" ind1=" " ind2=" ">
      <subfield code="a">(OCoLC)642988128</subfield>
      <subfield code="0">(uri) http://www.worldcat.org/oclc/642988128</subfield>
    </datafield>
    <datafield tag="035" ind1=" " ind2=" ">
      <subfield code="a">(DE-599)ZDB1223664-0</subfield>
    </datafield>
    <datafield tag="040" ind1=" " ind2=" ">
      <subfield code="a">9001</subfield>
      <subfield code="b">ger</subfield>
      <subfield code="c">DNB</subfield>
      <subfield code="d">4002</subfield>
      <subfield code="e">rakwb</subfield>
    </datafield>
    <datafield tag="041" ind1=" " ind2=" ">
      <subfield code="a">eng</subfield>
    </datafield>
    <datafield tag="044" ind1=" " ind2=" ">
      <subfield code="c">XD-US</subfield>
    </datafield>
    <datafield tag="084" ind1=" " ind2=" ">
      <subfield code="a">5,2</subfield>
      <subfield code="2">ssgn</subfield>
    </datafield>
    <datafield tag="084" ind1=" " ind2=" ">
      <subfield code="a">620</subfield>
      <subfield code="a">260</subfield>
      <subfield code="q">DE-600</subfield>
      <subfield code="2">zdbs</subfield>
    </datafield>
    <datafield tag="084" ind1=" " ind2=" ">
      <subfield code="a">300</subfield>
      <subfield code="a">150</subfield>
      <subfield code="q">DE-600</subfield>
      <subfield code="2">zdbs</subfield>
    </datafield>
    <datafield tag="210" ind1="1" ind2="0">
      <subfield code="a">J Gerontol B Psychol Sci Soc Sci</subfield>
    </datafield>
    <datafield tag="245" ind1="0" ind2="0">
      <subfield code="a">&lt;&lt;The&gt;&gt; journals of gerontology</subfield>
      <subfield code="n">Series B</subfield>
      <subfield code="p">Psychological sciences and social sciences</subfield>
      <subfield code="c">The Gerontological Society of America</subfield>
    </datafield>
    <datafield tag="246" ind1="3" ind2=" ">
      <subfield code="a">&lt;&lt;The&gt;&gt; journals of gerontology / B</subfield>
    </datafield>
    <datafield tag="246" ind1="3" ind2=" ">
      <subfield code="a">Psychological sciences and social sciences</subfield>
    </datafield>
    <datafield tag="246" ind1="3" ind2=" ">
      <subfield code="a">Journal of gerontology</subfield>
    </datafield>
    <datafield tag="246" ind1="1" ind2=" ">
      <subfield code="i">Nebent.</subfield>
      <subfield code="a">Journal of gerontology</subfield>
    </datafield>
    <datafield tag="264" ind1=" " ind2="1">
      <subfield code="a">Cary, NC</subfield>
      <subfield code="b">Oxford Univ. Pr.</subfield>
      <subfield code="c">1995-</subfield>
    </datafield>
    <datafield tag="264" ind1=" " ind2="1">
      <subfield code="a">Washington, DC</subfield>
      <subfield code="b">Gerontological Society of America</subfield>
      <subfield code="c">-2008</subfield>
    </datafield>
    <datafield tag="362" ind1="0" ind2=" ">
      <subfield code="a">50.1995 -</subfield>
    </datafield>
    <datafield tag="500" ind1=" " ind2=" ">
      <subfield code="a">lokale TA Okt. 2013/ Bestand ausgesondert / Vorg.: Journals of gerontology</subfield>
      <subfield code="9">F:501</subfield>
    </datafield>
    <datafield tag="501" ind1=" " ind2=" ">
      <subfield code="a">Das Gesamtwerk gliedert sich in die ungez. Unterreihen: Psychological Sciences; Social sciences</subfield>
    </datafield>
    <datafield tag="689" ind1="0" ind2="0">
      <subfield code="a">Gerontologie</subfield>
      <subfield code="D">s</subfield>
      <subfield code="0">(DE-588)4071757-4</subfield>
      <subfield code="0">(uri) https://portal.dnb.de/opac.htm?method=simpleSearch&amp;cqlMode=true&amp;query=idn=040717577</subfield>
      <subfield code="0">(uri) http://viaf.org/viaf/sourceID/DNB|040717577</subfield>
      <subfield code="B">GND-040717577</subfield>
    </datafield>
    <datafield tag="689" ind1="0" ind2="1">
      <subfield code="a">Zeitschrift</subfield>
      <subfield code="D">s</subfield>
      <subfield code="0">(DE-588)4067488-5</subfield>
      <subfield code="0">(uri) https://portal.dnb.de/opac.htm?method=simpleSearch&amp;cqlMode=true&amp;query=idn=040674886</subfield>
      <subfield code="0">(uri) http://viaf.org/viaf/sourceID/DNB|040674886</subfield>
      <subfield code="B">GND-040674886</subfield>
    </datafield>
    <datafield tag="689" ind1="0" ind2=" ">
      <subfield code="5">DE-600DE-600</subfield>
    </datafield>
    <datafield tag="710" ind1="2" ind2=" ">
      <subfield code="a">Gerontological Society of America</subfield>
      <subfield code="0">(DE-588)514268-4</subfield>
      <subfield code="4">oth</subfield>
      <subfield code="0">(uri) https://portal.dnb.de/opac.htm?method=simpleSearch&amp;cqlMode=true&amp;query=idn=005142687</subfield>
      <subfield code="0">(uri) http://viaf.org/viaf/sourceID/DNB|005142687</subfield>
      <subfield code="B">GND-005142687</subfield>
    </datafield>
    <datafield tag="775" ind1="0" ind2="8">
      <subfield code="i">Online-Ausg. ---&gt;</subfield>
      <subfield code="t">&lt;&lt;The&gt;&gt; journals of gerontology / B</subfield>
      <subfield code="w">(DE-605)HT013039109</subfield>
    </datafield>
    <datafield tag="MBD" ind1=" " ind2=" ">
      <subfield code="M">49HBZ_WUP</subfield>
      <subfield code="i">990013054080206447</subfield>
      <subfield code="n">Bergische Universit&#xE4;t Wuppertal</subfield>
    </datafield>
    <datafield tag="MNG" ind1=" " ind2=" ">
      <subfield code="f">ILS</subfield>
      <subfield code="i">marc21</subfield>
      <subfield code="k">01</subfield>
      <subfield code="e">false</subfield>
      <subfield code="g">001305408-WUP01</subfield>
      <subfield code="j">00</subfield>
      <subfield code="a">import</subfield>
      <subfield code="b">2020-11-19 12:16:21 Europe/Berlin</subfield>
    </datafield>
    <datafield tag="H52" ind1=" " ind2=" ">
      <subfield code="b">W0001</subfield>
      <subfield code="c">20</subfield>
      <subfield code="h"/>
      <subfield code="8">2267001720006447</subfield>
    </datafield>
    <datafield tag="HOL" ind1=" " ind2=" ">
      <subfield code="b">2020-11-19 11:16:21</subfield>
      <subfield code="8">2267001720006447</subfield>
      <subfield code="M">49HBZ_WUP</subfield>
      <subfield code="g">false</subfield>
      <subfield code="a">import</subfield>
    </datafield>
    <datafield tag="ITM" ind1=" " ind2=" ">
      <subfield code="H">2267001720006447</subfield>
      <subfield code="x">20</subfield>
      <subfield code="f">ISSUE</subfield>
      <subfield code="v">20</subfield>
      <subfield code="p">61</subfield>
      <subfield code="X">System</subfield>
      <subfield code="U">2007-07-20 10:59:00</subfield>
      <subfield code="Y">2020-11-19 11:17:19</subfield>
      <subfield code="h">false</subfield>
      <subfield code="n">22J45-B</subfield>
      <subfield code="M">49HBZ_WUP</subfield>
      <subfield code="s">1</subfield>
      <subfield code="d">#</subfield>
      <subfield code="V">import</subfield>
      <subfield code="b">730023-10</subfield>
      <subfield code="a">2367001710006447</subfield>
      <subfield code="B">Z88/97</subfield>
      <subfield code="D">20070720</subfield>
      <subfield code="q">Abo / 50.1996-65.2010 makuliert  11.10.13</subfield>
      <subfield code="W">2020-11-19 11:16:21</subfield>
      <subfield code="u">W0001</subfield>
      <subfield code="w">W0001</subfield>
    </datafield>
    <datafield tag="GST" ind1=" " ind2=" ">
      <subfield code="a">Periodikum</subfield>
      <subfield code="A">GND</subfield>
      <subfield code="B">GND-040674886</subfield>
      <subfield code="C">450</subfield>
    </datafield>
    <datafield tag="GST" ind1=" " ind2=" ">
      <subfield code="a">Zeitschriften</subfield>
      <subfield code="A">GND</subfield>
      <subfield code="B">GND-040674886</subfield>
      <subfield code="C">450</subfield>
    </datafield>
    <datafield tag="GSI" ind1="7" ind2=" ">
      <subfield code="a">http://d-nb.info/gnd/4067488-5</subfield>
      <subfield code="2">uri</subfield>
      <subfield code="A">GND</subfield>
      <subfield code="B">GND-040674886</subfield>
      <subfield code="C">024</subfield>
    </datafield>
    <datafield tag="GST" ind1=" " ind2=" ">
      <subfield code="a">Altenforschung</subfield>
      <subfield code="A">GND</subfield>
      <subfield code="B">GND-040717577</subfield>
      <subfield code="C">450</subfield>
    </datafield>
    <datafield tag="GST" ind1=" " ind2=" ">
      <subfield code="a">Alternsforschung</subfield>
      <subfield code="A">GND</subfield>
      <subfield code="B">GND-040717577</subfield>
      <subfield code="C">450</subfield>
    </datafield>
    <datafield tag="GST" ind1=" " ind2=" ">
      <subfield code="a">Altersforschung</subfield>
      <subfield code="A">GND</subfield>
      <subfield code="B">GND-040717577</subfield>
      <subfield code="C">450</subfield>
    </datafield>
    <datafield tag="GST" ind1=" " ind2=" ">
      <subfield code="a">Alterskunde</subfield>
      <subfield code="A">GND</subfield>
      <subfield code="B">GND-040717577</subfield>
      <subfield code="C">450</subfield>
    </datafield>
    <datafield tag="GSI" ind1="7" ind2=" ">
      <subfield code="a">http://d-nb.info/gnd/4071757-4</subfield>
      <subfield code="2">uri</subfield>
      <subfield code="A">GND</subfield>
      <subfield code="B">GND-040717577</subfield>
      <subfield code="C">024</subfield>
    </datafield>
    <datafield tag="GSI" ind1="7" ind2=" ">
      <subfield code="a">http://d-nb.info/gnd/514268-4</subfield>
      <subfield code="2">uri</subfield>
      <subfield code="A">GND</subfield>
      <subfield code="B">GND-005142687</subfield>
      <subfield code="C">024</subfield>
    </datafield>
  </record>