
  <record>
    <leader>     cam  22     4  4500</leader>
    <controlfield tag="008">      t20202020au |||||||||||| ||||ger d</controlfield>
    <controlfield tag="001">99368144303106441</controlfield>
    <datafield tag="020" ind1=" " ind2=" ">
      <subfield code="a">9783658319199</subfield>
      <subfield code="c">EUR61.67</subfield>
      <subfield code="0">(uri) http://www.isbnsearch.org/isbn/9783658319199</subfield>
    </datafield>
    <datafield tag="024" ind1="3" ind2=" ">
      <subfield code="a">9783658319199</subfield>
      <subfield code="0">(uri) http://www.isbnsearch.org/isbn/9783658319199</subfield>
    </datafield>
    <datafield tag="024" ind1="7" ind2=" ">
      <subfield code="a">10.1007/978-3-658-31920-5</subfield>
    </datafield>
    <datafield tag="035" ind1=" " ind2=" ">
      <subfield code="a">(DE-605)ELiSA-9783658319199</subfield>
    </datafield>
    <datafield tag="035" ind1=" " ind2=" ">
      <subfield code="a">(DE-605)HT020611597</subfield>
    </datafield>
    <datafield tag="035" ind1=" " ind2=" ">
      <subfield code="a">(27847)ELiSA-9783658319199</subfield>
    </datafield>
    <datafield tag="040" ind1=" " ind2=" ">
      <subfield code="a">DE-468</subfield>
      <subfield code="c">DE-468</subfield>
      <subfield code="d">DE-468</subfield>
    </datafield>
    <datafield tag="041" ind1=" " ind2=" ">
      <subfield code="a">ger</subfield>
    </datafield>
    <datafield tag="044" ind1="#" ind2="#">
      <subfield code="c">XA-DE</subfield>
    </datafield>
    <datafield tag="100" ind1="1" ind2=" ">
      <subfield code="a">Marquardt, Katrin</subfield>
      <subfield code="4">aut</subfield>
    </datafield>
    <datafield tag="245" ind1=" " ind2=" ">
      <subfield code="a">Nachhaltigkeit und Digitalisierung </subfield>
      <subfield code="b">Nachhaltiges und verantwortungsvolles Business im Kontext von Digitalisierung und Innovation</subfield>
    </datafield>
    <datafield tag="264" ind1=" " ind2="1">
      <subfield code="a">Wiesbaden</subfield>
      <subfield code="b">Springer Gabler</subfield>
      <subfield code="c">2020</subfield>
    </datafield>
    <datafield tag="300" ind1=" " ind2=" ">
      <subfield code="a">263 p.</subfield>
      <subfield code="c">384 grams.</subfield>
    </datafield>
    <datafield tag="336" ind1="#" ind2="#">
      <subfield code="b">txt</subfield>
    </datafield>
    <datafield tag="337" ind1="#" ind2="#">
      <subfield code="b">n</subfield>
    </datafield>
    <datafield tag="338" ind1="#" ind2="#">
      <subfield code="b">nc</subfield>
    </datafield>
    <datafield tag="490" ind1=" " ind2=" ">
      <subfield code="a">Sustainable Management, Wertsch&#xF6;pfung und Effizienz</subfield>
    </datafield>
    <datafield tag="505" ind1="0" ind2=" ">
      <subfield code="a">Inhaltsverzeichnis.- Aktueller wissensstand im forschungsgebiet.- Grundlagen von nachhaltigen und verantwortungsvollen gesch&#xE4;ften.- Aktuelle &#xF6;kologische, gesellschaftliche und &#xF6;konomische entwicklungen im kontext von digitalisierung und innovation.- Aktuell laufende programme und initiativen zur f&#xF6;rderung von nachhaltigen und verantwortungsvollen gesch&#xE4;ften im kontext von digitalisierung.- pers&#xF6;nliche beitr&#xE4;ge und studien.- Studie &#xFC;ber die effekte und auswirkungen der digitalisierung und innovation zur unterst&#xFC;tzung von nachhaltigen und verantwortungsvollen gesch&#xE4;ften.- Entwicklung eines modelles f&#xFC;r nachhaltige servicequalit&#xE4;t am beispiel von business services im kontext von digitalisierung.- Entwicklung eines integrativen modelles f&#xFC;r nachhaltige und verantwortungsvolle gesch&#xE4;fte im kontext von digitalisierung und innovativen ver&#xE4;nderungen.</subfield>
    </datafield>
    <datafield tag="520" ind1=" " ind2=" ">
      <subfield code="a">Katrin Marquardt leistet mit diesem Buch einen Beitrag zur Vertiefung des theoretischen und praktischen Wissens in den Themengebieten Nachhaltigkeit und soziale Verantwortlichkeit, zu Programmen und Initiativen zur F&#xF6;rderung der Nachhaltigkeit und zur Digitalisierung der europ&#xE4;ischen Industrie, sowie zu Digitalisierung und Innovationen im Kontext von nachhaltigen und verantwortungsvollen Business.

  Im Rahmen der Forschung wurden klassische und digitale Gesch&#xE4;ftsmodellen untersucht, die aktuellen &#xF6;konomischen, gesellschaftlichen und &#xF6;kologischen Megatrends und das Wesen der Disruption analysiert, ein Modell f&#xFC;r nachhaltige Servicequalit&#xE4;t am Beispiel von Business Services und ein integratives Modell f&#xFC;r nachhaltiges und verantwortungsvolles Business aufbauend auf Digitalisierung, Innovation und Qualit&#xE4;t entwickelt. 

  Katrin Marquardt ist aktuell als Projektmanager ein Horizont 2020 Projekt t&#xE4;tig. Ziel des Projektes ist es, das gro&#xDF;e Potenzial f&#xFC;r kollektives Handeln und die Vernetzung von Einzelpersonen, Gruppen und K&#xF6;rperschaften von Landwirten und Landverwaltern freizusetzen, zu st&#xE4;rken und zu organisieren.

  Ihre Expertise als Projekt-, Transition- und Operation Manger eignete sie sich in verschiedenen international agierenden Unternehmen des Finanzwesens, der IT- und Telekommunikationswirtschaft und des Bildungswesens in Deutschland, Ungarn, Rum&#xE4;nien und England an.

  </subfield>
    </datafield>
    <datafield tag="650" ind1=" " ind2="7">
      <subfield code="2">bicssc</subfield>
    </datafield>
    <datafield tag="650" ind1=" " ind2="7">
      <subfield code="2">bicssc</subfield>
    </datafield>
    <datafield tag="650" ind1=" " ind2="7">
      <subfield code="2">bisacsh</subfield>
    </datafield>
    <datafield tag="650" ind1=" " ind2="7">
      <subfield code="2">bisacsh</subfield>
    </datafield>
    <datafield tag="650" ind1=" " ind2="0">
      <subfield code="a">Management science</subfield>
    </datafield>
    <datafield tag="650" ind1=" " ind2="0">
      <subfield code="a">Industrial management&#x2014;Environmental aspects</subfield>
    </datafield>
    <datafield tag="650" ind1=" " ind2="0">
      <subfield code="a">Business ethics</subfield>
    </datafield>
    <datafield tag="650" ind1=" " ind2="0">
      <subfield code="a">Environmental economics</subfield>
    </datafield>
    <datafield tag="650" ind1=" " ind2="0">
      <subfield code="a">Business</subfield>
    </datafield>
    <datafield tag="653" ind1=" " ind2=" ">
      <subfield code="a">Betriebliches Energie- und Umweltmanagement</subfield>
    </datafield>
    <datafield tag="653" ind1=" " ind2=" ">
      <subfield code="a">C</subfield>
    </datafield>
    <datafield tag="653" ind1=" " ind2=" ">
      <subfield code="a">Corporate Environmental Management</subfield>
    </datafield>
    <datafield tag="653" ind1=" " ind2=" ">
      <subfield code="a">Business and Management</subfield>
    </datafield>
    <datafield tag="653" ind1=" " ind2=" ">
      <subfield code="a">Corporate Environmental Management</subfield>
    </datafield>
    <datafield tag="653" ind1=" " ind2=" ">
      <subfield code="a">Business Ethics</subfield>
    </datafield>
    <datafield tag="653" ind1=" " ind2=" ">
      <subfield code="a">Business Ethics</subfield>
    </datafield>
    <datafield tag="653" ind1=" " ind2=" ">
      <subfield code="a">Wirtschaftsethik, Unternehmensethik</subfield>
    </datafield>
    <datafield tag="653" ind1=" " ind2=" ">
      <subfield code="a">Environmental Economics</subfield>
    </datafield>
    <datafield tag="653" ind1=" " ind2=" ">
      <subfield code="a">Unternehmensethik</subfield>
    </datafield>
    <datafield tag="653" ind1=" " ind2=" ">
      <subfield code="a">Environmental Economics</subfield>
    </datafield>
    <datafield tag="653" ind1=" " ind2=" ">
      <subfield code="a">Umwelt&#xF6;konomie</subfield>
    </datafield>
    <datafield tag="653" ind1=" " ind2=" ">
      <subfield code="a">Corporate Social Responsibility (CSR), Nachhaltiges Wirtschaften</subfield>
    </datafield>
    <datafield tag="650" ind1=" " ind2="4">
      <subfield code="a">Nachhaltigkeit;Digitalisierung;Qualit&#xE4;t;Innovation;Disruption;Megatrend</subfield>
    </datafield>
    <datafield tag="653" ind1=" " ind2="0">
      <subfield code="a">Hardcover, Softcover / Wirtschaft/Management</subfield>
    </datafield>
    <datafield tag="MBD" ind1=" " ind2=" ">
      <subfield code="M">49HBZ_NETWORK</subfield>
      <subfield code="i">99368144303106441</subfield>
      <subfield code="n">HBZ Network</subfield>
    </datafield>
    <datafield tag="MBD" ind1=" " ind2=" ">
      <subfield code="M">49HBZ_WUP</subfield>
      <subfield code="i">9915887679606447</subfield>
      <subfield code="n">Bergische Universit&#xE4;t Wuppertal</subfield>
    </datafield>
    <datafield tag="MNG" ind1=" " ind2=" ">
      <subfield code="c">System</subfield>
      <subfield code="f">HBZ</subfield>
      <subfield code="i">marc21</subfield>
      <subfield code="k">01</subfield>
      <subfield code="e">false</subfield>
      <subfield code="d">2021-01-04 14:31:13 Europe/Berlin</subfield>
      <subfield code="g">ELiSA-9783658319199</subfield>
      <subfield code="j">00</subfield>
      <subfield code="a">System</subfield>
      <subfield code="b">2021-01-04 13:45:55 Europe/Berlin</subfield>
    </datafield>
    <datafield tag="H52" ind1="8" ind2=" ">
      <subfield code="b">W0001</subfield>
      <subfield code="c">21</subfield>
      <subfield code="8">22105219930006447</subfield>
    </datafield>
    <datafield tag="HOL" ind1=" " ind2=" ">
      <subfield code="d">2021-01-04 13:31:15</subfield>
      <subfield code="8">22105219930006447</subfield>
      <subfield code="b">2021-01-04 13:31:15</subfield>
      <subfield code="M">49HBZ_WUP</subfield>
      <subfield code="g">false</subfield>
      <subfield code="a">Acquisition (PO line POL-153)</subfield>
      <subfield code="c">System</subfield>
    </datafield>
    <datafield tag="ITM" ind1=" " ind2=" ">
      <subfield code="H">22105219930006447</subfield>
      <subfield code="x">21</subfield>
      <subfield code="f">BOOK</subfield>
      <subfield code="v">21</subfield>
      <subfield code="p">11</subfield>
      <subfield code="X">System</subfield>
      <subfield code="Y">2021-01-04 16:00:06</subfield>
      <subfield code="M">49HBZ_WUP</subfield>
      <subfield code="s">0</subfield>
      <subfield code="d">8</subfield>
      <subfield code="V">Acquisition (PO line POL-153)</subfield>
      <subfield code="a">23105219920006447</subfield>
      <subfield code="r">ACQ</subfield>
      <subfield code="S">POL-153</subfield>
      <subfield code="W">2021-01-04 13:31:15</subfield>
      <subfield code="u">W0001</subfield>
      <subfield code="w">W0001</subfield>
    </datafield>
  </record>