
  <record>
    <leader>01626nmm#a2200397#cb4500</leader>
    <controlfield tag="005">20210110190137.0</controlfield>
    <controlfield tag="007">cr#|||||||||||</controlfield>
    <controlfield tag="008">090826|2003####ne######o##|########eng#c</controlfield>
    <controlfield tag="001">990176414160206441</controlfield>
    <datafield tag="016" ind1="7" ind2=" ">
      <subfield code="a">1074381859</subfield>
      <subfield code="2">OCoLC</subfield>
    </datafield>
    <datafield tag="020" ind1=" " ind2=" ">
      <subfield code="a">9780444515667</subfield>
      <subfield code="9">978-0-444-51566-7</subfield>
    </datafield>
    <datafield tag="020" ind1=" " ind2=" ">
      <subfield code="a">0444512489</subfield>
      <subfield code="9">0-444-51248-9</subfield>
    </datafield>
    <datafield tag="035" ind1=" " ind2=" ">
      <subfield code="a">(DE-605)HT016037352</subfield>
    </datafield>
    <datafield tag="035" ind1=" " ind2=" ">
      <subfield code="a">(OCoLC)1074381859</subfield>
      <subfield code="0">(uri) http://www.worldcat.org/oclc/1074381859</subfield>
    </datafield>
    <datafield tag="035" ind1=" " ind2=" ">
      <subfield code="a">(DE-599)HBZHT016037352</subfield>
    </datafield>
    <datafield tag="040" ind1=" " ind2=" ">
      <subfield code="a">468</subfield>
      <subfield code="b">ger</subfield>
      <subfield code="d">361</subfield>
      <subfield code="e">rakwb</subfield>
    </datafield>
    <datafield tag="041" ind1=" " ind2=" ">
      <subfield code="a">eng</subfield>
    </datafield>
    <datafield tag="044" ind1=" " ind2=" ">
      <subfield code="c">XA-NL</subfield>
    </datafield>
    <datafield tag="245" ind1="0" ind2="0">
      <subfield code="a">Computational chemistry</subfield>
      <subfield code="h">Elektronische Ressource</subfield>
      <subfield code="c">ed. by: C. Le Bris</subfield>
    </datafield>
    <datafield tag="250" ind1=" " ind2=" ">
      <subfield code="a">1. ed.</subfield>
    </datafield>
    <datafield tag="264" ind1=" " ind2="1">
      <subfield code="a">Amsterdam [u.a.]</subfield>
      <subfield code="b">Elsevier</subfield>
      <subfield code="c">2003</subfield>
    </datafield>
    <datafield tag="300" ind1=" " ind2=" ">
      <subfield code="a">X, 899 S. : Ill., graph. Darst.</subfield>
    </datafield>
    <datafield tag="340" ind1=" " ind2=" ">
      <subfield code="a">Online-Ressource</subfield>
      <subfield code="9">F:652a</subfield>
    </datafield>
    <datafield tag="490" ind1="1" ind2=" ">
      <subfield code="a">Handbook of numerical analysis</subfield>
      <subfield code="v">10 : Special volume</subfield>
    </datafield>
    <datafield tag="533" ind1=" " ind2=" ">
      <subfield code="a">Digitalisierte Ausg.</subfield>
      <subfield code="b">[Amsterdam]</subfield>
      <subfield code="c">Elsevier</subfield>
      <subfield code="d">2009</subfield>
    </datafield>
    <datafield tag="538" ind1=" " ind2=" ">
      <subfield code="i">Systemvoraussetzungen</subfield>
      <subfield code="a">Internet-Anschluss; Acrobat-Reader</subfield>
    </datafield>
    <datafield tag="591" ind1=" " ind2=" ">
      <subfield code="a">Gesehen am 26.08.09</subfield>
    </datafield>
    <datafield tag="700" ind1="1" ind2=" ">
      <subfield code="a">Le Bris, Claude</subfield>
      <subfield code="d">1966-</subfield>
      <subfield code="0">(DE-588)12235138X</subfield>
      <subfield code="4">oth</subfield>
      <subfield code="0">(uri) https://portal.dnb.de/opac.htm?method=simpleSearch&amp;cqlMode=true&amp;query=idn=12235138X</subfield>
      <subfield code="0">(uri) http://viaf.org/viaf/sourceID/DNB|12235138X</subfield>
      <subfield code="B">GND-12235138X</subfield>
    </datafield>
    <datafield tag="776" ind1="0" ind2="8">
      <subfield code="i">Erscheint auch als</subfield>
      <subfield code="n">Druckausg.</subfield>
      <subfield code="t">Computational chemistry</subfield>
      <subfield code="w">(DE-605)HT013719346</subfield>
    </datafield>
    <datafield tag="830" ind1=" " ind2="0">
      <subfield code="a">Handbook of numerical analysis</subfield>
      <subfield code="w">(DE-605)HT015612803</subfield>
      <subfield code="v">10</subfield>
      <subfield code="9">O:1</subfield>
    </datafield>
    <datafield tag="856" ind1="4" ind2=" ">
      <subfield code="u">http://www.sciencedirect.com/science?_ob=PublicationURL&amp;_tockey=%23TOC%2320481%232003%23999899999%23536518%23FLP%23&amp;_cdi=20481&amp;_pubType=HS&amp;_auth=y&amp;_acct=C000061607&amp;_version=1&amp;_urlVersion=0&amp;_userid=3862678&amp;md5=dab20d268649911fe095998515f2a42d</subfield>
      <subfield code="x">Digitalisierung</subfield>
    </datafield>
    <datafield tag="912" ind1=" " ind2=" ">
      <subfield code="a">ZDB-33-ESD</subfield>
    </datafield>
    <datafield tag="960" ind1="1" ind2=" ">
      <subfield code="i">iall</subfield>
    </datafield>
    <datafield tag="964" ind1="0" ind2="s">
      <subfield code="F">030</subfield>
      <subfield code="A">a|1uc||||||37</subfield>
    </datafield>
    <datafield tag="964" ind1="0" ind2="s">
      <subfield code="F">050</subfield>
      <subfield code="A">||||||||g|||||</subfield>
    </datafield>
    <datafield tag="964" ind1="0" ind2="s">
      <subfield code="F">051</subfield>
      <subfield code="A">s|||||||</subfield>
    </datafield>
    <datafield tag="MBD" ind1=" " ind2=" ">
      <subfield code="M">49HBZ_NETWORK</subfield>
      <subfield code="i">990176414160206441</subfield>
      <subfield code="n">HBZ Network</subfield>
    </datafield>
    <datafield tag="MBD" ind1=" " ind2=" ">
      <subfield code="M">49HBZ_WUP</subfield>
      <subfield code="i">990009835370206447</subfield>
      <subfield code="n">Bergische Universit&#xE4;t Wuppertal</subfield>
    </datafield>
    <datafield tag="020" ind1=" " ind2=" ">
      <subfield code="a">9780444515667</subfield>
      <subfield code="9">978-0-444-51566-7</subfield>
      <subfield code="M">49HBZ_WUP</subfield>
    </datafield>
    <datafield tag="020" ind1=" " ind2=" ">
      <subfield code="a">0444512489</subfield>
      <subfield code="9">0-444-51248-9</subfield>
      <subfield code="M">49HBZ_WUP</subfield>
    </datafield>
    <datafield tag="340" ind1=" " ind2=" ">
      <subfield code="a">Online-Ressource</subfield>
      <subfield code="9">F:652a</subfield>
      <subfield code="M">49HBZ_WUP</subfield>
    </datafield>
    <datafield tag="830" ind1=" " ind2="0">
      <subfield code="a">Handbook of numerical analysis</subfield>
      <subfield code="w">(DE-605)HT015612803</subfield>
      <subfield code="v">10</subfield>
      <subfield code="9">O:1</subfield>
      <subfield code="M">49HBZ_WUP</subfield>
    </datafield>
    <datafield tag="980" ind1="1" ind2=" ">
      <subfield code="b">elsevier</subfield>
      <subfield code="9">LOCAL</subfield>
      <subfield code="M">49HBZ_WUP</subfield>
    </datafield>
    <datafield tag="983" ind1=" " ind2=" ">
      <subfield code="b">UNR</subfield>
      <subfield code="9">LOCAL</subfield>
      <subfield code="M">49HBZ_WUP</subfield>
    </datafield>
    <datafield tag="983" ind1=" " ind2=" ">
      <subfield code="b">TLN</subfield>
      <subfield code="9">LOCAL</subfield>
      <subfield code="M">49HBZ_WUP</subfield>
    </datafield>
    <datafield tag="983" ind1=" " ind2=" ">
      <subfield code="b">TZE</subfield>
      <subfield code="9">LOCAL</subfield>
      <subfield code="M">49HBZ_UDE</subfield>
    </datafield>
    <datafield tag="983" ind1=" " ind2=" ">
      <subfield code="b">TKX</subfield>
      <subfield code="9">LOCAL</subfield>
      <subfield code="M">49HBZ_WUP</subfield>
    </datafield>
    <datafield tag="MNG" ind1=" " ind2=" ">
      <subfield code="c">System</subfield>
      <subfield code="f">ILS</subfield>
      <subfield code="i">marc21</subfield>
      <subfield code="k">01</subfield>
      <subfield code="e">false</subfield>
      <subfield code="d">2021-01-10 19:01:37 Europe/Berlin</subfield>
      <subfield code="g">017641416-HBZ01</subfield>
      <subfield code="j">60</subfield>
      <subfield code="a">import</subfield>
      <subfield code="b">2020-11-22 14:05:05 Europe/Berlin</subfield>
    </datafield>
    <datafield tag="POR" ind1=" " ind2=" ">
      <subfield code="x">System</subfield>
      <subfield code="a">53104257440006447</subfield>
      <subfield code="M">49HBZ_WUP</subfield>
      <subfield code="c">static</subfield>
      <subfield code="l">Zugriff nur im Hochschulnetz der Universit&#xE4;t Wuppertal und f&#xFC;r autorisierte Benutzer</subfield>
      <subfield code="y">2020-11-24 12:26:38 Europe/Berlin</subfield>
      <subfield code="w">2020-11-24 12:26:32 Europe/Berlin</subfield>
      <subfield code="D">https://eu04.alma.exlibrisgroup.com/view/uresolver/49HBZ_NETWORK/openurl?u.ignore_date_coverage=true&amp;portfolio_pid=53104257440006447&amp;Force_direct=true</subfield>
      <subfield code="v">P2E_JOB</subfield>
      <subfield code="z">2020-11-24 11:26:32</subfield>
      <subfield code="i">false</subfield>
      <subfield code="g">W0001</subfield>
      <subfield code="S">52104257460006447</subfield>
      <subfield code="d">https://hbz-network.userservices.exlibrisgroup.com/view/uresolver/49HBZ_NETWORK/openurl?u.ignore_date_coverage=true&amp;rft.mms_id=990009835370206447</subfield>
      <subfield code="b">Available</subfield>
      <subfield code="f">DOCUMENT</subfield>
      <subfield code="8">53104257440006447</subfield>
    </datafield>
    <datafield tag="GPN" ind1="1" ind2=" ">
      <subfield code="a">Bris, Claude &lt;&lt;le&gt;&gt;</subfield>
      <subfield code="d">1966-</subfield>
      <subfield code="A">GND</subfield>
      <subfield code="B">GND-12235138X</subfield>
      <subfield code="C">400</subfield>
    </datafield>
    <datafield tag="GPN" ind1="1" ind2=" ">
      <subfield code="a">Le Bris, Claude Christophe Daniel</subfield>
      <subfield code="d">1966-</subfield>
      <subfield code="A">GND</subfield>
      <subfield code="B">GND-12235138X</subfield>
      <subfield code="C">400</subfield>
    </datafield>
    <datafield tag="GPN" ind1="1" ind2=" ">
      <subfield code="a">LeBris, Claude</subfield>
      <subfield code="d">1966-</subfield>
      <subfield code="9">v:RAK alt</subfield>
      <subfield code="A">GND</subfield>
      <subfield code="B">GND-12235138X</subfield>
      <subfield code="C">400</subfield>
    </datafield>
    <datafield tag="GPN" ind1="1" ind2=" ">
      <subfield code="a">LeBris, C.</subfield>
      <subfield code="d">1966-</subfield>
      <subfield code="A">GND</subfield>
      <subfield code="B">GND-12235138X</subfield>
      <subfield code="C">400</subfield>
    </datafield>
    <datafield tag="GPN" ind1="1" ind2=" ">
      <subfield code="a">Le Bris, C.</subfield>
      <subfield code="d">1966-</subfield>
      <subfield code="A">GND</subfield>
      <subfield code="B">GND-12235138X</subfield>
      <subfield code="C">400</subfield>
    </datafield>
    <datafield tag="GSI" ind1="7" ind2=" ">
      <subfield code="a">http://d-nb.info/gnd/12235138X</subfield>
      <subfield code="2">uri</subfield>
      <subfield code="A">GND</subfield>
      <subfield code="B">GND-12235138X</subfield>
      <subfield code="C">024</subfield>
    </datafield>
  </record>