
  <record>
    <leader>00541nam a2200157 a 4500</leader>
    <controlfield tag="005">20160114</controlfield>
    <controlfield tag="007">ta</controlfield>
    <controlfield tag="008">||||||s2014uuuu|||||| | m||||||||||ger||</controlfield>
    <controlfield tag="001">991000067219706444</controlfield>
    <datafield tag="035" ind1=" " ind2=" ">
      <subfield code="a">(DE-A96)534977-49hbz_fha</subfield>
    </datafield>
    <datafield tag="035" ind1=" " ind2=" ">
      <subfield code="a">534977</subfield>
      <subfield code="9">ExL</subfield>
    </datafield>
    <datafield tag="100" ind1="1" ind2=" ">
      <subfield code="a">Schuller, Dimitri</subfield>
    </datafield>
    <datafield tag="245" ind1="1" ind2="0">
      <subfield code="a">Konstruktion, Bau und Inbetriebnahme einer Tieftemperaturk&#xFC;hlkammer eines Rastertunnelmikroskops</subfield>
      <subfield code="c">in Zusammenarbeit mit: Forschungszentrum J&#xFC;lich (Dipl.-Ing. Karl Heinz Graf)</subfield>
    </datafield>
    <datafield tag="264" ind1=" " ind2=" ">
      <subfield code="c">2014</subfield>
    </datafield>
    <datafield tag="502" ind1="0" ind2=" ">
      <subfield code="a">Aachen, FH, Bachelorarbeit, 2015</subfield>
    </datafield>
    <datafield tag="700" ind1="1" ind2=" ">
      <subfield code="a">W&#xE4;hlisch, Georg</subfield>
      <subfield code="e">Betreuer</subfield>
    </datafield>
    <datafield tag="981" ind1=" " ind2=" ">
      <subfield code="a">(A96)534977</subfield>
      <subfield code="9">LOCAL</subfield>
    </datafield>
    <datafield tag="997" ind1=" " ind2=" ">
      <subfield code="a">20150123</subfield>
      <subfield code="9">LOCAL</subfield>
    </datafield>
    <datafield tag="MBD" ind1=" " ind2=" ">
      <subfield code="M">49HBZ_FHA</subfield>
      <subfield code="i">991000067219706444</subfield>
      <subfield code="n">Fachhochschule Aachen</subfield>
    </datafield>
    <datafield tag="MNG" ind1=" " ind2=" ">
      <subfield code="f">ILS</subfield>
      <subfield code="i">marc21</subfield>
      <subfield code="k">01</subfield>
      <subfield code="e">false</subfield>
      <subfield code="g">534977-49hbz_fha</subfield>
      <subfield code="j">00</subfield>
      <subfield code="a">import</subfield>
      <subfield code="b">2020-11-30 21:15:44 Europe/Berlin</subfield>
    </datafield>
    <datafield tag="H52" ind1="8" ind2=" ">
      <subfield code="b">JUE</subfield>
      <subfield code="c">JUE_Abschl</subfield>
      <subfield code="h">61 EU 14/15-16B</subfield>
      <subfield code="8">2246892440006444</subfield>
    </datafield>
    <datafield tag="HOL" ind1=" " ind2=" ">
      <subfield code="b">2020-11-30 20:15:44</subfield>
      <subfield code="8">2246892440006444</subfield>
      <subfield code="M">49HBZ_FHA</subfield>
      <subfield code="g">false</subfield>
      <subfield code="a">import</subfield>
    </datafield>
    <datafield tag="ITM" ind1=" " ind2=" ">
      <subfield code="H">2246892440006444</subfield>
      <subfield code="x">JUE_Abschl</subfield>
      <subfield code="f">THESIS</subfield>
      <subfield code="v">JUE_Abschl</subfield>
      <subfield code="X">System</subfield>
      <subfield code="U">2020-11-30 10:59:00</subfield>
      <subfield code="Y">2020-11-30 20:16:13</subfield>
      <subfield code="h">false</subfield>
      <subfield code="P">ClassificationNo: 0</subfield>
      <subfield code="G">1</subfield>
      <subfield code="Q">Fernleihkonditionen: 0</subfield>
      <subfield code="M">49HBZ_FHA</subfield>
      <subfield code="s">1</subfield>
      <subfield code="d">8</subfield>
      <subfield code="V">import</subfield>
      <subfield code="b">61 EU 14/15-16B</subfield>
      <subfield code="O">SISIS-Ausleihz&#xE4;hler Migrationsjahr: 0 | SISIS-Ausleihz&#xE4;hler Vor-Migrationsjahr: 0 | SISIS-Ausleihz&#xE4;hler vorletztes Migrationsjahr: 2 | SISIS-Vormerkz&#xE4;hler Migrationsjahr: 0 | SISIS-vorletztes R&#xFC;ckgabedatum: 2018-04-09</subfield>
      <subfield code="N">SISIS-Buchdaten-Aufnahmedatum: 2015-01-23 | Altersbegrenzung: 0</subfield>
      <subfield code="a">2346892430006444</subfield>
      <subfield code="c">61 EU 14/15-16B</subfield>
      <subfield code="W">2020-11-30 20:15:44</subfield>
      <subfield code="u">JUE</subfield>
      <subfield code="w">JUE</subfield>
    </datafield>
  </record>