
  <record>
    <leader>00823cas-a2200205z--4500</leader>
    <controlfield tag="001">99368113400306441</controlfield>
    <controlfield tag="005">20180222222341.0</controlfield>
    <controlfield tag="008">161121u20119999enkuu-|-o----u|----|eng-d</controlfield>
    <datafield tag="016" ind1="7" ind2=" ">
      <subfield code="a">2657415-9</subfield>
      <subfield code="2">DE-600</subfield>
    </datafield>
    <datafield tag="016" ind1="7" ind2=" ">
      <subfield code="a">2000386-9</subfield>
      <subfield code="2">DE-600</subfield>
    </datafield>
    <datafield tag="022" ind1=" " ind2=" ">
      <subfield code="a">2046-6080</subfield>
    </datafield>
    <datafield tag="035" ind1=" " ind2=" ">
      <subfield code="a">(CKB)3350000000000214</subfield>
    </datafield>
    <datafield tag="035" ind1=" " ind2=" ">
      <subfield code="a">(DE-599)ZDB2657415-9</subfield>
    </datafield>
    <datafield tag="035" ind1=" " ind2=" ">
      <subfield code="a">(EXLCZ)993350000000000214</subfield>
    </datafield>
    <datafield tag="245" ind1="0" ind2="0">
      <subfield code="a">Dialogues in Critical Management Studies</subfield>
      <subfield code="c">series editor, Dr. Richard Hull.</subfield>
    </datafield>
    <datafield tag="260" ind1=" " ind2=" ">
      <subfield code="a">Bingley, U.K. :</subfield>
      <subfield code="b">Emerald Group Publishing Limited,</subfield>
      <subfield code="c">©2011-</subfield>
    </datafield>
    <datafield tag="362" ind1=" " ind2=" ">
      <subfield code="a">Began with: Vol. 1 published 2011.</subfield>
    </datafield>
    <datafield tag="588" ind1=" " ind2=" ">
      <subfield code="a">Vol. 1 published 2011; title from PDF vol. page (Emerald, viewed Dec. 27, 2011).</subfield>
    </datafield>
    <datafield tag="588" ind1=" " ind2=" ">
      <subfield code="a">Vol. 2 published 2013 (Emerald Group Publishing Limited, viewed Dec. 15, 2014).</subfield>
    </datafield>
    <datafield tag="650" ind1=" " ind2=" ">
      <subfield code="a">Nonprofit organizations</subfield>
      <subfield code="x">Management.</subfield>
    </datafield>
    <datafield tag="650" ind1=" " ind2=" ">
      <subfield code="a">Nonprofit organizations</subfield>
      <subfield code="x">Management</subfield>
      <subfield code="v">Case studies.</subfield>
    </datafield>
    <datafield tag="700" ind1="1" ind2=" ">
      <subfield code="a">Hull, Richard,</subfield>
      <subfield code="c">Ph. D.</subfield>
    </datafield>
    <datafield tag="776" ind1=" " ind2=" ">
      <subfield code="x">2046-6072</subfield>
      <subfield code="0">(uri) http://worldcat.org/issn/2046-6072</subfield>
    </datafield>
    <datafield tag="762" ind1="0" ind2=" ">
      <subfield code="t">Feminists and Queer Theorists Debate the Future of Critical Management Studies</subfield>
      <subfield code="w">(CKB)3710000001184621</subfield>
      <subfield code="z">1-78635-497-7</subfield>
    </datafield>
    <datafield tag="762" ind1="0" ind2=" ">
      <subfield code="t">Getting Things Done</subfield>
      <subfield code="w">(CKB)2670000000421965</subfield>
      <subfield code="z">1-78190-955-5</subfield>
    </datafield>
    <datafield tag="762" ind1="0" ind2=" ">
      <subfield code="t">The Third Sector</subfield>
      <subfield code="w">(CKB)2550000000075840</subfield>
      <subfield code="z">1-283-35481-0</subfield>
    </datafield>
    <datafield tag="906" ind1=" " ind2=" ">
      <subfield code="a">SERIES</subfield>
    </datafield>
    <datafield tag="MBD" ind1=" " ind2=" ">
      <subfield code="M">49HBZ_NETWORK</subfield>
      <subfield code="i">99368113400306441</subfield>
      <subfield code="n">HBZ Network</subfield>
    </datafield>
    <datafield tag="MBD" ind1=" " ind2=" ">
      <subfield code="M">49HBZ_WUP</subfield>
      <subfield code="i">9915879171806447</subfield>
      <subfield code="n">Bergische Universität Wuppertal</subfield>
    </datafield>
    <datafield tag="MBD" ind1=" " ind2=" ">
      <subfield code="M">49HBZ_FHA</subfield>
      <subfield code="i">991004553223406444</subfield>
      <subfield code="n">Fachhochschule Aachen</subfield>
    </datafield>
    <datafield tag="MBD" ind1=" " ind2=" ">
      <subfield code="M">49HBZ_UBD</subfield>
      <subfield code="i">991012205405106445</subfield>
      <subfield code="n">Technische Universitaet Dortmund</subfield>
    </datafield>
    <datafield tag="MBD" ind1=" " ind2=" ">
      <subfield code="M">49HBZ_BIE</subfield>
      <subfield code="i">991024558938106442</subfield>
      <subfield code="n">Universität Bielefeld</subfield>
    </datafield>
    <datafield tag="MBD" ind1=" " ind2=" ">
      <subfield code="M">49HBZ_UDE</subfield>
      <subfield code="i">99203835120106446</subfield>
      <subfield code="n">Universität Duisburg-Essen</subfield>
    </datafield>
    <datafield tag="MBD" ind1=" " ind2=" ">
      <subfield code="M">49HBZ_DUE</subfield>
      <subfield code="i">9945607868706443</subfield>
      <subfield code="n">Universität Düsseldorf</subfield>
    </datafield>
    <datafield tag="MNG" ind1=" " ind2=" ">
      <subfield code="c">Ex Libris</subfield>
      <subfield code="f">CKB</subfield>
      <subfield code="i">marc21</subfield>
      <subfield code="e">false</subfield>
      <subfield code="d">2020-12-01 13:09:36 Europe/Berlin</subfield>
      <subfield code="g">993350000000000214</subfield>
      <subfield code="j">00</subfield>
      <subfield code="a">CKB</subfield>
      <subfield code="b">2020-12-01 13:09:36 Europe/Berlin</subfield>
    </datafield>
    <datafield tag="POR" ind1=" " ind2=" ">
      <subfield code="j">Ezb</subfield>
      <subfield code="x">System</subfield>
      <subfield code="a">5398718960006447</subfield>
      <subfield code="M">49HBZ_WUP</subfield>
      <subfield code="p">6198623090006447</subfield>
      <subfield code="q">EZB-NALFO-01634 Emerald BME eBook Series Archive AL</subfield>
      <subfield code="c">param</subfield>
      <subfield code="o">614910000000000715</subfield>
      <subfield code="y">2020-11-24 09:04:05 Europe/Berlin</subfield>
      <subfield code="w">2020-11-24 09:04:03 Europe/Berlin</subfield>
      <subfield code="D">https://eu04.alma.exlibrisgroup.com/view/uresolver/49HBZ_NETWORK/openurl?u.ignore_date_coverage=true&amp;portfolio_pid=5398718960006447&amp;Force_direct=true</subfield>
      <subfield code="v">NON_SFX_CREATOR</subfield>
      <subfield code="z">2020-11-24 08:04:03</subfield>
      <subfield code="n">Available from 2011 volume: 1 until 2017.</subfield>
      <subfield code="i">false</subfield>
      <subfield code="S">6298623080006447</subfield>
      <subfield code="d">https://hbz-network.userservices.exlibrisgroup.com/view/uresolver/49HBZ_NETWORK/openurl?u.ignore_date_coverage=true&amp;rft.mms_id=9915879171806447</subfield>
      <subfield code="b">Available</subfield>
      <subfield code="f">SERIES</subfield>
      <subfield code="8">5398718960006447</subfield>
    </datafield>
    <datafield tag="POC" ind1=" " ind2=" ">
      <subfield code="a">5398718960006447</subfield>
      <subfield code="b">2011</subfield>
      <subfield code="c">2017</subfield>
      <subfield code="d">1</subfield>
      <subfield code="e">12</subfield>
      <subfield code="f">1</subfield>
      <subfield code="g">31</subfield>
      <subfield code="h">1</subfield>
    </datafield>
    <datafield tag="POR" ind1=" " ind2=" ">
      <subfield code="j">Ezb</subfield>
      <subfield code="x">System</subfield>
      <subfield code="a">5349876900006444</subfield>
      <subfield code="M">49HBZ_FHA</subfield>
      <subfield code="p">6149679320006444</subfield>
      <subfield code="q">EZB-NALFO-01634 Emerald BME eBook Series Archive AL</subfield>
      <subfield code="c">param</subfield>
      <subfield code="o">614910000000000715</subfield>
      <subfield code="y">2020-12-01 07:32:47 Europe/Berlin</subfield>
      <subfield code="w">2020-12-01 07:32:46 Europe/Berlin</subfield>
      <subfield code="D">https://eu04.alma.exlibrisgroup.com/view/uresolver/49HBZ_NETWORK/openurl?u.ignore_date_coverage=true&amp;portfolio_pid=5349876900006444&amp;Force_direct=true</subfield>
      <subfield code="v">NON_SFX_CREATOR</subfield>
      <subfield code="z">2020-12-01 06:32:46</subfield>
      <subfield code="n">Available from 2011 volume: 1 until 2017.</subfield>
      <subfield code="i">false</subfield>
      <subfield code="S">6249679310006444</subfield>
      <subfield code="d">https://hbz-network.userservices.exlibrisgroup.com/view/uresolver/49HBZ_NETWORK/openurl?u.ignore_date_coverage=true&amp;rft.mms_id=991004553223406444</subfield>
      <subfield code="b">Available</subfield>
      <subfield code="f">SERIES</subfield>
      <subfield code="8">5349876900006444</subfield>
    </datafield>
    <datafield tag="POC" ind1=" " ind2=" ">
      <subfield code="a">5349876900006444</subfield>
      <subfield code="b">2011</subfield>
      <subfield code="c">2017</subfield>
      <subfield code="d">1</subfield>
      <subfield code="e">12</subfield>
      <subfield code="f">1</subfield>
      <subfield code="g">31</subfield>
      <subfield code="h">1</subfield>
    </datafield>
    <datafield tag="POR" ind1=" " ind2=" ">
      <subfield code="j">Ezb</subfield>
      <subfield code="x">System</subfield>
      <subfield code="a">5352070550006444</subfield>
      <subfield code="M">49HBZ_FHA</subfield>
      <subfield code="p">6149679320006444</subfield>
      <subfield code="q">EZB-NALFO-01634 Emerald BME eBook Series Archive AL</subfield>
      <subfield code="c">param</subfield>
      <subfield code="o">614910000000000715</subfield>
      <subfield code="y">2020-12-01 08:38:44 Europe/Berlin</subfield>
      <subfield code="w">2020-12-01 08:38:42 Europe/Berlin</subfield>
      <subfield code="D">https://eu04.alma.exlibrisgroup.com/view/uresolver/49HBZ_NETWORK/openurl?u.ignore_date_coverage=true&amp;portfolio_pid=5352070550006444&amp;Force_direct=true</subfield>
      <subfield code="v">NON_SFX_CREATOR</subfield>
      <subfield code="z">2020-12-01 07:38:42</subfield>
      <subfield code="n">Available from 2011 volume: 1 until 2017.</subfield>
      <subfield code="i">false</subfield>
      <subfield code="S">6249679310006444</subfield>
      <subfield code="d">https://hbz-network.userservices.exlibrisgroup.com/view/uresolver/49HBZ_NETWORK/openurl?u.ignore_date_coverage=true&amp;rft.mms_id=991004553223406444</subfield>
      <subfield code="b">Available</subfield>
      <subfield code="f">SERIES</subfield>
      <subfield code="8">5352070550006444</subfield>
    </datafield>
    <datafield tag="POC" ind1=" " ind2=" ">
      <subfield code="a">5352070550006444</subfield>
      <subfield code="b">2011</subfield>
      <subfield code="c">2017</subfield>
      <subfield code="d">1</subfield>
      <subfield code="e">12</subfield>
      <subfield code="f">1</subfield>
      <subfield code="g">31</subfield>
      <subfield code="h">1</subfield>
    </datafield>
    <datafield tag="POR" ind1=" " ind2=" ">
      <subfield code="j">Ezb</subfield>
      <subfield code="x">System</subfield>
      <subfield code="a">53109035020006445</subfield>
      <subfield code="M">49HBZ_UBD</subfield>
      <subfield code="p">61107791740006445</subfield>
      <subfield code="q">EZB-NALFO-01634 Emerald BME eBook Series Archive AL</subfield>
      <subfield code="c">param</subfield>
      <subfield code="o">614910000000000715</subfield>
      <subfield code="y">2020-11-27 10:25:26 Europe/Berlin</subfield>
      <subfield code="w">2020-11-27 10:25:24 Europe/Berlin</subfield>
      <subfield code="D">https://eu04.alma.exlibrisgroup.com/view/uresolver/49HBZ_NETWORK/openurl?u.ignore_date_coverage=true&amp;portfolio_pid=53109035020006445&amp;Force_direct=true</subfield>
      <subfield code="v">NON_SFX_CREATOR</subfield>
      <subfield code="z">2020-11-27 09:25:24</subfield>
      <subfield code="n">Available from 2011 volume: 1 until 2017.</subfield>
      <subfield code="i">false</subfield>
      <subfield code="S">62107791730006445</subfield>
      <subfield code="d">https://hbz-network.userservices.exlibrisgroup.com/view/uresolver/49HBZ_NETWORK/openurl?u.ignore_date_coverage=true&amp;rft.mms_id=991012205405106445</subfield>
      <subfield code="b">Available</subfield>
      <subfield code="f">SERIES</subfield>
      <subfield code="8">53109035020006445</subfield>
    </datafield>
    <datafield tag="POC" ind1=" " ind2=" ">
      <subfield code="a">53109035020006445</subfield>
      <subfield code="b">2011</subfield>
      <subfield code="c">2017</subfield>
      <subfield code="d">1</subfield>
      <subfield code="e">12</subfield>
      <subfield code="f">1</subfield>
      <subfield code="g">31</subfield>
      <subfield code="h">1</subfield>
    </datafield>
    <datafield tag="POR" ind1=" " ind2=" ">
      <subfield code="j">Ezb</subfield>
      <subfield code="x">System</subfield>
      <subfield code="a">53149628820006442</subfield>
      <subfield code="M">49HBZ_BIE</subfield>
      <subfield code="p">61149057910006442</subfield>
      <subfield code="q">EZB-NALFO-01634 Emerald BME eBook Series Archive AL</subfield>
      <subfield code="c">param</subfield>
      <subfield code="o">614910000000000715</subfield>
      <subfield code="y">2020-11-23 04:51:08 Europe/Berlin</subfield>
      <subfield code="w">2020-11-23 04:51:06 Europe/Berlin</subfield>
      <subfield code="D">https://eu04.alma.exlibrisgroup.com/view/uresolver/49HBZ_NETWORK/openurl?u.ignore_date_coverage=true&amp;portfolio_pid=53149628820006442&amp;Force_direct=true</subfield>
      <subfield code="v">NON_SFX_CREATOR</subfield>
      <subfield code="z">2020-11-23 03:51:06</subfield>
      <subfield code="n">Available from 2011 volume: 1 until 2017.</subfield>
      <subfield code="i">false</subfield>
      <subfield code="S">62149057900006442</subfield>
      <subfield code="d">https://hbz-network.userservices.exlibrisgroup.com/view/uresolver/49HBZ_NETWORK/openurl?u.ignore_date_coverage=true&amp;rft.mms_id=991024558938106442</subfield>
      <subfield code="b">Available</subfield>
      <subfield code="f">SERIES</subfield>
      <subfield code="8">53149628820006442</subfield>
    </datafield>
    <datafield tag="POC" ind1=" " ind2=" ">
      <subfield code="a">53149628820006442</subfield>
      <subfield code="b">2011</subfield>
      <subfield code="c">2017</subfield>
      <subfield code="d">1</subfield>
      <subfield code="e">12</subfield>
      <subfield code="f">1</subfield>
      <subfield code="g">31</subfield>
      <subfield code="h">1</subfield>
    </datafield>
    <datafield tag="POR" ind1=" " ind2=" ">
      <subfield code="j">Ezb</subfield>
      <subfield code="x">System</subfield>
      <subfield code="a">53243889440006446</subfield>
      <subfield code="M">49HBZ_UDE</subfield>
      <subfield code="p">61243277470006446</subfield>
      <subfield code="q">EZB-NALFO-01634 Emerald BME eBook Series Archive AL</subfield>
      <subfield code="c">param</subfield>
      <subfield code="o">614910000000000715</subfield>
      <subfield code="y">2020-11-26 12:01:39 Europe/Berlin</subfield>
      <subfield code="w">2020-11-26 12:01:36 Europe/Berlin</subfield>
      <subfield code="D">https://eu04.alma.exlibrisgroup.com/view/uresolver/49HBZ_NETWORK/openurl?u.ignore_date_coverage=true&amp;portfolio_pid=53243889440006446&amp;Force_direct=true</subfield>
      <subfield code="v">NON_SFX_CREATOR</subfield>
      <subfield code="z">2020-11-26 11:01:36</subfield>
      <subfield code="n">Available from 2011 volume: 1 until 2017.</subfield>
      <subfield code="i">false</subfield>
      <subfield code="S">62243277460006446</subfield>
      <subfield code="d">https://hbz-network.userservices.exlibrisgroup.com/view/uresolver/49HBZ_NETWORK/openurl?u.ignore_date_coverage=true&amp;rft.mms_id=99203835120106446</subfield>
      <subfield code="b">Available</subfield>
      <subfield code="f">SERIES</subfield>
      <subfield code="8">53243889440006446</subfield>
    </datafield>
    <datafield tag="POC" ind1=" " ind2=" ">
      <subfield code="a">53243889440006446</subfield>
      <subfield code="b">2011</subfield>
      <subfield code="c">2017</subfield>
      <subfield code="d">1</subfield>
      <subfield code="e">12</subfield>
      <subfield code="f">1</subfield>
      <subfield code="g">31</subfield>
      <subfield code="h">1</subfield>
    </datafield>
    <datafield tag="POR" ind1=" " ind2=" ">
      <subfield code="j">Ezb</subfield>
      <subfield code="x">System</subfield>
      <subfield code="a">53214774470006443</subfield>
      <subfield code="M">49HBZ_DUE</subfield>
      <subfield code="p">61214056590006443</subfield>
      <subfield code="q">EZB-NALFO-01634 Emerald BME eBook Series Archive AL</subfield>
      <subfield code="c">param</subfield>
      <subfield code="o">614910000000000715</subfield>
      <subfield code="y">2020-11-26 11:49:48 Europe/Berlin</subfield>
      <subfield code="w">2020-11-26 11:49:46 Europe/Berlin</subfield>
      <subfield code="D">https://eu04.alma.exlibrisgroup.com/view/uresolver/49HBZ_NETWORK/openurl?u.ignore_date_coverage=true&amp;portfolio_pid=53214774470006443&amp;Force_direct=true</subfield>
      <subfield code="v">NON_SFX_CREATOR</subfield>
      <subfield code="z">2020-11-26 10:49:46</subfield>
      <subfield code="n">Available from 2011 volume: 1 until 2017.</subfield>
      <subfield code="i">false</subfield>
      <subfield code="S">62214056580006443</subfield>
      <subfield code="d">https://hbz-network.userservices.exlibrisgroup.com/view/uresolver/49HBZ_NETWORK/openurl?u.ignore_date_coverage=true&amp;rft.mms_id=9945607868706443</subfield>
      <subfield code="b">Available</subfield>
      <subfield code="f">SERIES</subfield>
      <subfield code="8">53214774470006443</subfield>
    </datafield>
    <datafield tag="POC" ind1=" " ind2=" ">
      <subfield code="a">53214774470006443</subfield>
      <subfield code="b">2011</subfield>
      <subfield code="c">2017</subfield>
      <subfield code="d">1</subfield>
      <subfield code="e">12</subfield>
      <subfield code="f">1</subfield>
      <subfield code="g">31</subfield>
      <subfield code="h">1</subfield>
    </datafield>
  </record>