
  <record>
    <leader>00410nam a2200145 a 4500</leader>
    <controlfield tag="007">|| ||||||||||||||||||||</controlfield>
    <controlfield tag="008">||||||nuuuuuuuu|||||| | |||||||||||und||</controlfield>
    <controlfield tag="001">991004279679706444</controlfield>
    <datafield tag="035" ind1=" " ind2=" ">
      <subfield code="a">(DE-A96)983960-49hbz_fha</subfield>
    </datafield>
    <datafield tag="035" ind1=" " ind2=" ">
      <subfield code="a">983960</subfield>
      <subfield code="9">ExL</subfield>
    </datafield>
    <datafield tag="035" ind1=" " ind2=" ">
      <subfield code="a">(DE-605)HT020611813</subfield>
    </datafield>
    <datafield tag="245" ind1="0" ind2="0">
      <subfield code="a">Karriere in der IT - Ratgeber, Tipps, Praxis</subfield>
      <subfield code="n">2020,10</subfield>
      <subfield code="y">2020,10</subfield>
      <subfield code="z">2020-10</subfield>
    </datafield>
    <datafield tag="980" ind1="1" ind2=" ">
      <subfield code="e">HBZ</subfield>
      <subfield code="9">LOCAL</subfield>
    </datafield>
    <datafield tag="981" ind1=" " ind2=" ">
      <subfield code="a">(A96)983960</subfield>
      <subfield code="9">LOCAL</subfield>
    </datafield>
    <datafield tag="983" ind1=" " ind2=" ">
      <subfield code="b">WAE</subfield>
      <subfield code="9">LOCAL</subfield>
    </datafield>
    <datafield tag="989" ind1=" " ind2=" ">
      <subfield code="a">neu2010</subfield>
      <subfield code="9">LOCAL</subfield>
    </datafield>
    <datafield tag="997" ind1=" " ind2=" ">
      <subfield code="a">20201009</subfield>
      <subfield code="9">LOCAL</subfield>
    </datafield>
    <datafield tag="MBD" ind1=" " ind2=" ">
      <subfield code="M">49HBZ_FHA</subfield>
      <subfield code="i">991004279679706444</subfield>
      <subfield code="n">Fachhochschule Aachen</subfield>
    </datafield>
    <datafield tag="MNG" ind1=" " ind2=" ">
      <subfield code="f">ILS</subfield>
      <subfield code="i">marc21</subfield>
      <subfield code="k">01</subfield>
      <subfield code="e">false</subfield>
      <subfield code="g">983960-49hbz_fha</subfield>
      <subfield code="j">00</subfield>
      <subfield code="a">import</subfield>
      <subfield code="b">2020-11-30 21:17:44 Europe/Berlin</subfield>
    </datafield>
    <datafield tag="H52" ind1="8" ind2=" ">
      <subfield code="b">EUP</subfield>
      <subfield code="c">EUP_Frei</subfield>
      <subfield code="h">21 WAE 4(2020,2)</subfield>
      <subfield code="8">2247817560006444</subfield>
      <subfield code="z">notiz</subfield>
    </datafield>
    <datafield tag="HOL" ind1=" " ind2=" ">
      <subfield code="b">2020-11-30 20:17:44</subfield>
      <subfield code="8">2247817560006444</subfield>
      <subfield code="M">49HBZ_FHA</subfield>
      <subfield code="g">false</subfield>
      <subfield code="a">import</subfield>
    </datafield>
    <datafield tag="ITM" ind1=" " ind2=" ">
      <subfield code="H">2247817560006444</subfield>
      <subfield code="x">EUP_Frei</subfield>
      <subfield code="f">BOOK</subfield>
      <subfield code="v">EUP_Frei</subfield>
      <subfield code="X">System</subfield>
      <subfield code="U">2020-11-30 10:59:00</subfield>
      <subfield code="Y">2020-11-30 20:18:08</subfield>
      <subfield code="h">false</subfield>
      <subfield code="P">ClassificationNo: 1901</subfield>
      <subfield code="G">1</subfield>
      <subfield code="Q">Fernleihkonditionen: 0</subfield>
      <subfield code="M">49HBZ_FHA</subfield>
      <subfield code="s">1</subfield>
      <subfield code="d">8</subfield>
      <subfield code="V">import</subfield>
      <subfield code="b">21 WAE 4(2020,2)+1</subfield>
      <subfield code="O">SISIS-Ausleihz&#xE4;hler Migrationsjahr: 2 | SISIS-Ausleihz&#xE4;hler Vor-Migrationsjahr: 0 | SISIS-Ausleihz&#xE4;hler vorletztes Migrationsjahr: 0 | SISIS-Vormerkz&#xE4;hler Migrationsjahr: 0 | SISIS-vorletztes R&#xFC;ckgabedatum: 2020-10-09</subfield>
      <subfield code="N">SISIS-Buchdaten-Aufnahmedatum: 2020-10-09 | Altersbegrenzung: 0</subfield>
      <subfield code="a">2347817540006444</subfield>
      <subfield code="c">21 WAE 4(2020,2)</subfield>
      <subfield code="B">z. Hg.-0</subfield>
      <subfield code="W">2020-11-30 20:17:44</subfield>
      <subfield code="u">EUP</subfield>
      <subfield code="w">EUP</subfield>
    </datafield>
    <datafield tag="ITM" ind1=" " ind2=" ">
      <subfield code="H">2247817560006444</subfield>
      <subfield code="x">EUP_Frei</subfield>
      <subfield code="f">BOOK</subfield>
      <subfield code="v">EUP_Frei</subfield>
      <subfield code="X">System</subfield>
      <subfield code="U">2020-11-30 10:59:00</subfield>
      <subfield code="Y">2020-11-30 20:18:08</subfield>
      <subfield code="h">false</subfield>
      <subfield code="P">ClassificationNo: 1901</subfield>
      <subfield code="G">1</subfield>
      <subfield code="Q">Fernleihkonditionen: 0</subfield>
      <subfield code="M">49HBZ_FHA</subfield>
      <subfield code="s">1</subfield>
      <subfield code="d">8</subfield>
      <subfield code="V">import</subfield>
      <subfield code="b">21 WAE 4(2020,2)</subfield>
      <subfield code="O">SISIS-Ausleihz&#xE4;hler Migrationsjahr: 1 | SISIS-Ausleihz&#xE4;hler Vor-Migrationsjahr: 0 | SISIS-Ausleihz&#xE4;hler vorletztes Migrationsjahr: 0 | SISIS-Vormerkz&#xE4;hler Migrationsjahr: 0</subfield>
      <subfield code="N">SISIS-Buchdaten-Aufnahmedatum: 2020-10-09 | Altersbegrenzung: 0</subfield>
      <subfield code="a">2347817550006444</subfield>
      <subfield code="c">21 WAE 4(2020,2)</subfield>
      <subfield code="B">Z-801</subfield>
      <subfield code="W">2020-11-30 20:17:44</subfield>
      <subfield code="u">EUP</subfield>
      <subfield code="w">EUP</subfield>
    </datafield>
  </record>