
  <record>
    <leader>02560nam#a2200577#c#4500</leader>
    <controlfield tag="005">20210109115329.0</controlfield>
    <controlfield tag="007">cr#|||||||||||</controlfield>
    <controlfield tag="008">170601|2015####sz######o#####|||#|#ger#c</controlfield>
    <controlfield tag="001">990218476060206441</controlfield>
    <datafield tag="016" ind1="7" ind2=" ">
      <subfield code="a">992517041</subfield>
      <subfield code="2">OCoLC</subfield>
    </datafield>
    <datafield tag="020" ind1=" " ind2=" ">
      <subfield code="a">9783035612974</subfield>
      <subfield code="c">PDF</subfield>
      <subfield code="9">978-3-0356-1297-4</subfield>
    </datafield>
    <datafield tag="020" ind1=" " ind2=" ">
      <subfield code="a">9783035613162</subfield>
      <subfield code="c">EPUB</subfield>
      <subfield code="9">978-3-0356-1316-2</subfield>
    </datafield>
    <datafield tag="024" ind1="7" ind2=" ">
      <subfield code="a">10.1515/9783035612974</subfield>
      <subfield code="2">doi</subfield>
    </datafield>
    <datafield tag="035" ind1=" " ind2=" ">
      <subfield code="a">(DE-605)HT019344670</subfield>
    </datafield>
    <datafield tag="035" ind1=" " ind2=" ">
      <subfield code="a">(OCoLC)992517041</subfield>
      <subfield code="0">(uri) http://www.worldcat.org/oclc/992517041</subfield>
    </datafield>
    <datafield tag="035" ind1=" " ind2=" ">
      <subfield code="a">(DE-599)OBVAC13708289</subfield>
    </datafield>
    <datafield tag="040" ind1=" " ind2=" ">
      <subfield code="a">468</subfield>
      <subfield code="b">ger</subfield>
      <subfield code="d">468</subfield>
      <subfield code="e">rda</subfield>
    </datafield>
    <datafield tag="041" ind1=" " ind2=" ">
      <subfield code="a">ger</subfield>
    </datafield>
    <datafield tag="044" ind1=" " ind2=" ">
      <subfield code="c">XA-CH</subfield>
    </datafield>
    <datafield tag="084" ind1=" " ind2=" ">
      <subfield code="a">56.50</subfield>
      <subfield code="a">Technischer Ausbau</subfield>
      <subfield code="2">bkl</subfield>
    </datafield>
    <datafield tag="084" ind1=" " ind2=" ">
      <subfield code="a">ZI 8300</subfield>
      <subfield code="2">rvk</subfield>
    </datafield>
    <datafield tag="100" ind1="1" ind2=" ">
      <subfield code="a">Haas-Arndt, Doris</subfield>
      <subfield code="d">1957-</subfield>
      <subfield code="0">(DE-588)121619087</subfield>
      <subfield code="4">aut</subfield>
      <subfield code="0">(uri) https://portal.dnb.de/opac.htm?method=simpleSearch&amp;cqlMode=true&amp;query=idn=121619087</subfield>
      <subfield code="0">(uri) http://viaf.org/viaf/sourceID/DNB|121619087</subfield>
      <subfield code="B">GND-121619087</subfield>
    </datafield>
    <datafield tag="245" ind1="1" ind2="0">
      <subfield code="a">Wasserkreislauf im Geb&#xE4;ude</subfield>
      <subfield code="c">Doris Haas-Arndt</subfield>
    </datafield>
    <datafield tag="246" ind1="3" ind2=" ">
      <subfield code="a">Basics Wasserkreislauf im Geb&#xE4;ude</subfield>
    </datafield>
    <datafield tag="246" ind1="3" ind2=" ">
      <subfield code="a">Basics Haustechnik Wasserkreislauf im Geb&#xE4;ude</subfield>
    </datafield>
    <datafield tag="264" ind1=" " ind2="1">
      <subfield code="a">Basel</subfield>
      <subfield code="b">Birkh&#xE4;user</subfield>
      <subfield code="c">[2015]</subfield>
    </datafield>
    <datafield tag="264" ind1=" " ind2="2">
      <subfield code="c">Mai 2017</subfield>
    </datafield>
    <datafield tag="300" ind1=" " ind2=" ">
      <subfield code="a">1 Online-Ressource (81 Seiten)</subfield>
    </datafield>
    <datafield tag="336" ind1=" " ind2=" ">
      <subfield code="b">txt</subfield>
    </datafield>
    <datafield tag="337" ind1=" " ind2=" ">
      <subfield code="b">c</subfield>
    </datafield>
    <datafield tag="338" ind1=" " ind2=" ">
      <subfield code="b">cr</subfield>
    </datafield>
    <datafield tag="490" ind1="0" ind2=" ">
      <subfield code="a">Basics</subfield>
    </datafield>
    <datafield tag="500" ind1=" " ind2=" ">
      <subfield code="a">"Erscheinungsdatum: Mai 2017" - Startseite</subfield>
      <subfield code="9">F:501</subfield>
    </datafield>
    <datafield tag="500" ind1=" " ind2=" ">
      <subfield code="a">Erscheinungsjahr der Printausgabe: 2015</subfield>
      <subfield code="9">F:501</subfield>
    </datafield>
    <datafield tag="520" ind1=" " ind2=" ">
      <subfield code="a">ger: Die Integration der haustechnischen Anlagen ist ein wichtiger Aspekt bei der Planung des Architekten. Die Konzeptionierung von Versorgungsstr&#xE4;ngen und Kreisl&#xE4;ufen im Geb&#xE4;ude erfordert ein Verst&#xE4;ndnis f&#xFC;r die Zusammenh&#xE4;nge der Ver- und Entsorgung mit dem Element Wasser. Hierbei geht es vor allem um die Zusammenh&#xE4;nge der einzelnen Kreislaufelemente von der Versorgung mit Trinkwasser, den Verbrauchern im Haus und der Entsorgung von Abwasser bis hin zur Wiedernutzbarmachung von Abw&#xE4;ssern. Das Thema der Wassereinsparung bildet dabei einen &#xFC;bergeordneten Rahmen.</subfield>
    </datafield>
    <datafield tag="591" ind1=" " ind2=" ">
      <subfield code="a">Gesehen am: 01.06.2017</subfield>
    </datafield>
    <datafield tag="689" ind1="0" ind2="0">
      <subfield code="a">Geb&#xE4;ude</subfield>
      <subfield code="D">s</subfield>
      <subfield code="0">(DE-588)4156127-2</subfield>
      <subfield code="0">(uri) https://portal.dnb.de/opac.htm?method=simpleSearch&amp;cqlMode=true&amp;query=idn=041561279</subfield>
      <subfield code="0">(uri) http://viaf.org/viaf/sourceID/DNB|041561279</subfield>
    </datafield>
    <datafield tag="689" ind1="0" ind2="1">
      <subfield code="a">Wasserversorgung</subfield>
      <subfield code="D">s</subfield>
      <subfield code="0">(DE-588)4064811-4</subfield>
      <subfield code="0">(uri) https://portal.dnb.de/opac.htm?method=simpleSearch&amp;cqlMode=true&amp;query=idn=040648117</subfield>
      <subfield code="0">(uri) http://viaf.org/viaf/sourceID/DNB|040648117</subfield>
      <subfield code="B">GND-040648117</subfield>
    </datafield>
    <datafield tag="689" ind1="1" ind2="0">
      <subfield code="a">Geb&#xE4;ude</subfield>
      <subfield code="D">s</subfield>
      <subfield code="0">(DE-588)4156127-2</subfield>
      <subfield code="0">(uri) https://portal.dnb.de/opac.htm?method=simpleSearch&amp;cqlMode=true&amp;query=idn=041561279</subfield>
      <subfield code="0">(uri) http://viaf.org/viaf/sourceID/DNB|041561279</subfield>
    </datafield>
    <datafield tag="689" ind1="1" ind2="1">
      <subfield code="a">Abwasserbeseitigung</subfield>
      <subfield code="D">s</subfield>
      <subfield code="0">(DE-588)4000306-1</subfield>
      <subfield code="0">(uri) https://portal.dnb.de/opac.htm?method=simpleSearch&amp;cqlMode=true&amp;query=idn=04000306X</subfield>
      <subfield code="0">(uri) http://viaf.org/viaf/sourceID/DNB|04000306X</subfield>
      <subfield code="B">GND-04000306X</subfield>
    </datafield>
    <datafield tag="689" ind1="2" ind2="0">
      <subfield code="a">Haustechnik</subfield>
      <subfield code="D">s</subfield>
      <subfield code="0">(DE-588)4113858-2</subfield>
      <subfield code="0">(uri) https://portal.dnb.de/opac.htm?method=simpleSearch&amp;cqlMode=true&amp;query=idn=041138589</subfield>
      <subfield code="0">(uri) http://viaf.org/viaf/sourceID/DNB|041138589</subfield>
      <subfield code="B">GND-041138589</subfield>
    </datafield>
    <datafield tag="689" ind1="2" ind2="1">
      <subfield code="a">Wasserkreislauf</subfield>
      <subfield code="D">s</subfield>
      <subfield code="0">(DE-588)4189218-5</subfield>
      <subfield code="0">(uri) https://portal.dnb.de/opac.htm?method=simpleSearch&amp;cqlMode=true&amp;query=idn=041892186</subfield>
      <subfield code="0">(uri) http://viaf.org/viaf/sourceID/DNB|041892186</subfield>
      <subfield code="B">GND-041892186</subfield>
    </datafield>
    <datafield tag="776" ind1="0" ind2="8">
      <subfield code="i">Erscheint auch als</subfield>
      <subfield code="n">Druck-Ausgabe</subfield>
      <subfield code="a">Haas-Arndt, Doris, 1957-</subfield>
      <subfield code="t">Wasserkreislauf im Geb&#xE4;ude</subfield>
      <subfield code="z">978-3-0356-0565-5</subfield>
      <subfield code="w">(DE-605)HT018577901</subfield>
      <subfield code="0">(uri) http://www.isbnsearch.org/isbn/978-3-0356-0565-5</subfield>
    </datafield>
    <datafield tag="856" ind1="4" ind2="0">
      <subfield code="u">https://dx.doi.org/10.1515/9783035612974</subfield>
      <subfield code="x">Resolving-System</subfield>
    </datafield>
    <datafield tag="912" ind1=" " ind2=" ">
      <subfield code="a">ZDB-23-DGG</subfield>
    </datafield>
    <datafield tag="912" ind1=" " ind2=" ">
      <subfield code="a">ZDB-23-BON</subfield>
    </datafield>
    <datafield tag="960" ind1="1" ind2=" ">
      <subfield code="i">iall</subfield>
    </datafield>
    <datafield tag="964" ind1="0" ind2="u">
      <subfield code="V">020b</subfield>
      <subfield code="a">AC13708289</subfield>
    </datafield>
    <datafield tag="964" ind1="0" ind2="s">
      <subfield code="F">030</subfield>
      <subfield code="A">a|1urr|||||17</subfield>
    </datafield>
    <datafield tag="964" ind1="0" ind2="s">
      <subfield code="F">050</subfield>
      <subfield code="A">||||||||g|||||</subfield>
    </datafield>
    <datafield tag="964" ind1="0" ind2="s">
      <subfield code="F">051</subfield>
      <subfield code="A">m|||||||</subfield>
    </datafield>
    <datafield tag="MBD" ind1=" " ind2=" ">
      <subfield code="M">49HBZ_NETWORK</subfield>
      <subfield code="i">990218476060206441</subfield>
      <subfield code="n">HBZ Network</subfield>
    </datafield>
    <datafield tag="MBD" ind1=" " ind2=" ">
      <subfield code="M">49HBZ_WUP</subfield>
      <subfield code="i">990014836170206447</subfield>
      <subfield code="n">Bergische Universit&#xE4;t Wuppertal</subfield>
    </datafield>
    <datafield tag="020" ind1=" " ind2=" ">
      <subfield code="a">9783035612974</subfield>
      <subfield code="c">PDF</subfield>
      <subfield code="9">978-3-0356-1297-4</subfield>
      <subfield code="M">49HBZ_WUP</subfield>
    </datafield>
    <datafield tag="020" ind1=" " ind2=" ">
      <subfield code="a">9783035613162</subfield>
      <subfield code="c">EPUB</subfield>
      <subfield code="9">978-3-0356-1316-2</subfield>
      <subfield code="M">49HBZ_WUP</subfield>
    </datafield>
    <datafield tag="500" ind1=" " ind2=" ">
      <subfield code="a">"Erscheinungsdatum: Mai 2017" - Startseite</subfield>
      <subfield code="9">F:501</subfield>
      <subfield code="M">49HBZ_WUP</subfield>
    </datafield>
    <datafield tag="500" ind1=" " ind2=" ">
      <subfield code="a">Erscheinungsjahr der Printausgabe: 2015</subfield>
      <subfield code="9">F:501</subfield>
      <subfield code="M">49HBZ_WUP</subfield>
    </datafield>
    <datafield tag="MBD" ind1=" " ind2=" ">
      <subfield code="M">49HBZ_FHA</subfield>
      <subfield code="i">991001913779706444</subfield>
      <subfield code="n">Fachhochschule Aachen</subfield>
    </datafield>
    <datafield tag="020" ind1=" " ind2=" ">
      <subfield code="a">9783035612974</subfield>
      <subfield code="c">PDF</subfield>
      <subfield code="9">978-3-0356-1297-4</subfield>
      <subfield code="M">49HBZ_FHA</subfield>
    </datafield>
    <datafield tag="020" ind1=" " ind2=" ">
      <subfield code="a">9783035613162</subfield>
      <subfield code="c">EPUB</subfield>
      <subfield code="9">978-3-0356-1316-2</subfield>
      <subfield code="M">49HBZ_FHA</subfield>
    </datafield>
    <datafield tag="500" ind1=" " ind2=" ">
      <subfield code="a">"Erscheinungsdatum: Mai 2017" - Startseite</subfield>
      <subfield code="9">F:501</subfield>
      <subfield code="M">49HBZ_FHA</subfield>
    </datafield>
    <datafield tag="500" ind1=" " ind2=" ">
      <subfield code="a">Erscheinungsjahr der Printausgabe: 2015</subfield>
      <subfield code="9">F:501</subfield>
      <subfield code="M">49HBZ_FHA</subfield>
    </datafield>
    <datafield tag="980" ind1="1" ind2=" ">
      <subfield code="e">HBZ</subfield>
      <subfield code="9">LOCAL</subfield>
      <subfield code="M">49HBZ_FHA</subfield>
    </datafield>
    <datafield tag="981" ind1=" " ind2=" ">
      <subfield code="a">(A96)704756</subfield>
      <subfield code="9">LOCAL</subfield>
      <subfield code="M">49HBZ_FHA</subfield>
    </datafield>
    <datafield tag="983" ind1=" " ind2=" ">
      <subfield code="b">ZFQ</subfield>
      <subfield code="9">LOCAL</subfield>
      <subfield code="M">49HBZ_FHA</subfield>
    </datafield>
    <datafield tag="989" ind1=" " ind2=" ">
      <subfield code="a">vorhanden: neu170711</subfield>
      <subfield code="9">LOCAL</subfield>
      <subfield code="M">49HBZ_FHA</subfield>
    </datafield>
    <datafield tag="991" ind1=" " ind2=" ">
      <subfield code="a">Pr</subfield>
      <subfield code="9">LOCAL</subfield>
      <subfield code="M">49HBZ_FHA</subfield>
    </datafield>
    <datafield tag="997" ind1=" " ind2=" ">
      <subfield code="a">20170712</subfield>
      <subfield code="9">LOCAL</subfield>
      <subfield code="M">49HBZ_FHA</subfield>
    </datafield>
    <datafield tag="998" ind1="4" ind2=" ">
      <subfield code="z">Volltext: Zugriff nur im Hochschulnetz der FH Aachen oder im VPN (nur f&#xFC;r Hochschulangeh&#xF6;rige)</subfield>
      <subfield code="9">LOCAL</subfield>
      <subfield code="M">49HBZ_FHA</subfield>
    </datafield>
    <datafield tag="MNG" ind1=" " ind2=" ">
      <subfield code="c">System</subfield>
      <subfield code="f">ILS</subfield>
      <subfield code="i">marc21</subfield>
      <subfield code="k">01</subfield>
      <subfield code="e">false</subfield>
      <subfield code="d">2021-01-09 11:53:29 Europe/Berlin</subfield>
      <subfield code="g">021847606-HBZ01</subfield>
      <subfield code="j">60</subfield>
      <subfield code="a">import</subfield>
      <subfield code="b">2020-11-23 04:19:48 Europe/Berlin</subfield>
    </datafield>
    <datafield tag="POR" ind1=" " ind2=" ">
      <subfield code="x">System</subfield>
      <subfield code="a">53101140790006447</subfield>
      <subfield code="M">49HBZ_WUP</subfield>
      <subfield code="c">static</subfield>
      <subfield code="y">2020-11-24 12:20:03 Europe/Berlin</subfield>
      <subfield code="w">2020-11-24 12:19:59 Europe/Berlin</subfield>
      <subfield code="D">https://eu04.alma.exlibrisgroup.com/view/uresolver/49HBZ_NETWORK/openurl?u.ignore_date_coverage=true&amp;portfolio_pid=53101140790006447&amp;Force_direct=true</subfield>
      <subfield code="v">P2E_JOB</subfield>
      <subfield code="z">2020-11-24 11:19:59</subfield>
      <subfield code="i">false</subfield>
      <subfield code="g">W0001</subfield>
      <subfield code="S">52101140800006447</subfield>
      <subfield code="d">https://hbz-network.userservices.exlibrisgroup.com/view/uresolver/49HBZ_NETWORK/openurl?u.ignore_date_coverage=true&amp;rft.mms_id=990014836170206447</subfield>
      <subfield code="b">Available</subfield>
      <subfield code="f">BOOK</subfield>
      <subfield code="8">53101140790006447</subfield>
    </datafield>
    <datafield tag="POR" ind1=" " ind2=" ">
      <subfield code="x">System</subfield>
      <subfield code="a">5349657840006444</subfield>
      <subfield code="M">49HBZ_FHA</subfield>
      <subfield code="c">static</subfield>
      <subfield code="l">Volltext: Zugriff nur im Hochschulnetz der FH Aachen oder im VPN (nur f&#xFC;r Hochschulangeh&#xF6;rige)</subfield>
      <subfield code="y">2020-12-01 07:11:30 Europe/Berlin</subfield>
      <subfield code="w">2020-12-01 07:11:27 Europe/Berlin</subfield>
      <subfield code="D">https://eu04.alma.exlibrisgroup.com/view/uresolver/49HBZ_NETWORK/openurl?u.ignore_date_coverage=true&amp;portfolio_pid=5349657840006444&amp;Force_direct=true</subfield>
      <subfield code="v">P2E_JOB</subfield>
      <subfield code="z">2020-12-01 06:11:27</subfield>
      <subfield code="i">false</subfield>
      <subfield code="S">5249657850006444</subfield>
      <subfield code="d">https://hbz-network.userservices.exlibrisgroup.com/view/uresolver/49HBZ_NETWORK/openurl?u.ignore_date_coverage=true&amp;rft.mms_id=991001913779706444</subfield>
      <subfield code="b">Available</subfield>
      <subfield code="f">BOOK</subfield>
      <subfield code="8">5349657840006444</subfield>
    </datafield>
    <datafield tag="GSI" ind1="7" ind2=" ">
      <subfield code="a">4189218-5</subfield>
      <subfield code="0">http://d-nb.info/gnd/4189218-5</subfield>
      <subfield code="2">gnd</subfield>
      <subfield code="A">GND</subfield>
      <subfield code="B">GND-041892186</subfield>
      <subfield code="C">024</subfield>
    </datafield>
    <datafield tag="GST" ind1=" " ind2=" ">
      <subfield code="a">Geba&#x308;ude</subfield>
      <subfield code="x">Technische Ausru&#x308;stung</subfield>
      <subfield code="A">GND</subfield>
      <subfield code="B">GND-041138589</subfield>
      <subfield code="C">450</subfield>
    </datafield>
    <datafield tag="GST" ind1=" " ind2=" ">
      <subfield code="a">Geba&#x308;udetechnik</subfield>
      <subfield code="A">GND</subfield>
      <subfield code="B">GND-041138589</subfield>
      <subfield code="C">450</subfield>
    </datafield>
    <datafield tag="GST" ind1=" " ind2=" ">
      <subfield code="a">Technische Geba&#x308;udeausru&#x308;stung</subfield>
      <subfield code="A">GND</subfield>
      <subfield code="B">GND-041138589</subfield>
      <subfield code="C">450</subfield>
    </datafield>
    <datafield tag="GSI" ind1="7" ind2=" ">
      <subfield code="a">http://d-nb.info/gnd/4113858-2</subfield>
      <subfield code="2">uri</subfield>
      <subfield code="A">GND</subfield>
      <subfield code="B">GND-041138589</subfield>
      <subfield code="C">024</subfield>
    </datafield>
    <datafield tag="GST" ind1=" " ind2=" ">
      <subfield code="a">Abwasserentsorgung</subfield>
      <subfield code="A">GND</subfield>
      <subfield code="B">GND-04000306X</subfield>
      <subfield code="C">450</subfield>
    </datafield>
    <datafield tag="GST" ind1=" " ind2=" ">
      <subfield code="a">Abwasser</subfield>
      <subfield code="x">Beseitigung</subfield>
      <subfield code="A">GND</subfield>
      <subfield code="B">GND-04000306X</subfield>
      <subfield code="C">450</subfield>
    </datafield>
    <datafield tag="GST" ind1=" " ind2=" ">
      <subfield code="a">Abwasser</subfield>
      <subfield code="x">Entsorgung</subfield>
      <subfield code="A">GND</subfield>
      <subfield code="B">GND-04000306X</subfield>
      <subfield code="C">450</subfield>
    </datafield>
    <datafield tag="GSI" ind1="7" ind2=" ">
      <subfield code="a">http://d-nb.info/gnd/4000306-1</subfield>
      <subfield code="2">uri</subfield>
      <subfield code="A">GND</subfield>
      <subfield code="B">GND-04000306X</subfield>
      <subfield code="C">024</subfield>
    </datafield>
    <datafield tag="GST" ind1=" " ind2=" ">
      <subfield code="a">Haus</subfield>
      <subfield code="g">im weiteren Sinn</subfield>
      <subfield code="A">GND</subfield>
      <subfield code="B">GND-041561279</subfield>
      <subfield code="C">450</subfield>
    </datafield>
    <datafield tag="GSI" ind1="7" ind2=" ">
      <subfield code="a">http://d-nb.info/gnd/4156127-2</subfield>
      <subfield code="2">uri</subfield>
      <subfield code="A">GND</subfield>
      <subfield code="B">GND-041561279</subfield>
      <subfield code="C">024</subfield>
    </datafield>
    <datafield tag="GST" ind1=" " ind2=" ">
      <subfield code="a">Wasser</subfield>
      <subfield code="x">Versorgung</subfield>
      <subfield code="A">GND</subfield>
      <subfield code="B">GND-040648117</subfield>
      <subfield code="C">450</subfield>
    </datafield>
    <datafield tag="GST" ind1=" " ind2=" ">
      <subfield code="a">Wasser</subfield>
      <subfield code="x">Rohstoffversorgung</subfield>
      <subfield code="A">GND</subfield>
      <subfield code="B">GND-040648117</subfield>
      <subfield code="C">450</subfield>
    </datafield>
    <datafield tag="GSI" ind1="7" ind2=" ">
      <subfield code="a">http://d-nb.info/gnd/4064811-4</subfield>
      <subfield code="2">uri</subfield>
      <subfield code="A">GND</subfield>
      <subfield code="B">GND-040648117</subfield>
      <subfield code="C">024</subfield>
    </datafield>
    <datafield tag="GST" ind1=" " ind2=" ">
      <subfield code="a">Haus</subfield>
      <subfield code="g">im weiteren Sinn</subfield>
      <subfield code="A">GND</subfield>
      <subfield code="B">GND-041561279</subfield>
      <subfield code="C">450</subfield>
    </datafield>
    <datafield tag="GSI" ind1="7" ind2=" ">
      <subfield code="a">http://d-nb.info/gnd/4156127-2</subfield>
      <subfield code="2">uri</subfield>
      <subfield code="A">GND</subfield>
      <subfield code="B">GND-041561279</subfield>
      <subfield code="C">024</subfield>
    </datafield>
    <datafield tag="GPN" ind1="1" ind2=" ">
      <subfield code="a">Arndt, Doris Haas-</subfield>
      <subfield code="d">1957-</subfield>
      <subfield code="A">GND</subfield>
      <subfield code="B">GND-121619087</subfield>
      <subfield code="C">400</subfield>
    </datafield>
    <datafield tag="GPN" ind1="1" ind2=" ">
      <subfield code="a">Ha&#x308;germann, Doris</subfield>
      <subfield code="d">1957-</subfield>
      <subfield code="4">nafr</subfield>
      <subfield code="4">http://d-nb.info/standards/elementset/gnd#EarlierNameOfThePerson</subfield>
      <subfield code="w">r</subfield>
      <subfield code="i">Frueherer Name</subfield>
      <subfield code="e">Frueherer Name</subfield>
      <subfield code="A">GND</subfield>
      <subfield code="B">GND-121619087</subfield>
      <subfield code="C">400</subfield>
    </datafield>
    <datafield tag="GPN" ind1="1" ind2=" ">
      <subfield code="a">Haas, Doris</subfield>
      <subfield code="d">1957-</subfield>
      <subfield code="A">GND</subfield>
      <subfield code="B">GND-121619087</subfield>
      <subfield code="C">400</subfield>
    </datafield>
    <datafield tag="GSI" ind1="7" ind2=" ">
      <subfield code="a">http://d-nb.info/gnd/121619087</subfield>
      <subfield code="2">uri</subfield>
      <subfield code="A">GND</subfield>
      <subfield code="B">GND-121619087</subfield>
      <subfield code="C">024</subfield>
    </datafield>
  </record>