
  <record>
    <leader>01219nam#a2200289#cb4500</leader>
    <controlfield tag="005">20210109214819.0</controlfield>
    <controlfield tag="007">tu</controlfield>
    <controlfield tag="008">900326|1990####xx#######m####|||#|#####c</controlfield>
    <controlfield tag="001">990063387070206441</controlfield>
    <datafield tag="016" ind1="7" ind2=" ">
      <subfield code="a">1046209397</subfield>
      <subfield code="2">OCoLC</subfield>
    </datafield>
    <datafield tag="020" ind1=" " ind2=" ">
      <subfield code="a">3631421281</subfield>
      <subfield code="c">kart. : sfr 65.00 (freier Pr.)</subfield>
      <subfield code="9">3-631-42128-1</subfield>
      <subfield code="0">(uri) http://www.isbnsearch.org/isbn/3631421281</subfield>
    </datafield>
    <datafield tag="035" ind1=" " ind2=" ">
      <subfield code="a">(DE-605)HT003447220</subfield>
    </datafield>
    <datafield tag="035" ind1=" " ind2=" ">
      <subfield code="a">(DE-605)HT003805619</subfield>
    </datafield>
    <datafield tag="035" ind1=" " ind2=" ">
      <subfield code="a">(DE-605)HT004822738</subfield>
    </datafield>
    <datafield tag="035" ind1=" " ind2=" ">
      <subfield code="a">(OCoLC)1046209397</subfield>
      <subfield code="0">(uri) http://www.worldcat.org/oclc/1046209397</subfield>
    </datafield>
    <datafield tag="040" ind1=" " ind2=" ">
      <subfield code="a">292</subfield>
      <subfield code="b">ger</subfield>
      <subfield code="e">rakwb</subfield>
    </datafield>
    <datafield tag="100" ind1="1" ind2=" ">
      <subfield code="a">M&#xFC;ller, Peter M.</subfield>
      <subfield code="4">aut</subfield>
    </datafield>
    <datafield tag="245" ind1="1" ind2="0">
      <subfield code="a">&lt;&lt;Die&gt;&gt; internationale Auslandsverschuldung Brasiliens</subfield>
      <subfield code="b">eine Fallstudie zur Beurteilung der aktuellen Situation und ihrer &#xF6;konomischen, politischen und sozialen Auswirkungen</subfield>
      <subfield code="c">Peter Michael M&#xFC;ller</subfield>
    </datafield>
    <datafield tag="264" ind1=" " ind2="1">
      <subfield code="a">Frankfurt am Main [u.a.]</subfield>
      <subfield code="b">Lang</subfield>
      <subfield code="c">1990</subfield>
    </datafield>
    <datafield tag="300" ind1=" " ind2=" ">
      <subfield code="a">295 S. : graph. Darst.</subfield>
    </datafield>
    <datafield tag="490" ind1="1" ind2=" ">
      <subfield code="a">Europ&#xE4;ische Hochschulschriften : Reihe 31, Politikwissenschaft</subfield>
      <subfield code="v">Bd. 149</subfield>
    </datafield>
    <datafield tag="502" ind1=" " ind2=" ">
      <subfield code="a">Zugl.: M&#xFC;nchen, Univ., Diss., 1989</subfield>
    </datafield>
    <datafield tag="689" ind1="0" ind2="0">
      <subfield code="a">Brasilien</subfield>
      <subfield code="D">g</subfield>
      <subfield code="0">(DE-588)4008003-1</subfield>
      <subfield code="0">(uri) https://portal.dnb.de/opac.htm?method=simpleSearch&amp;cqlMode=true&amp;query=idn=04008003X</subfield>
      <subfield code="0">(uri) http://viaf.org/viaf/sourceID/DNB|04008003X</subfield>
      <subfield code="B">GND-04008003X</subfield>
    </datafield>
    <datafield tag="689" ind1="0" ind2="1">
      <subfield code="a">Auslandsschulden</subfield>
      <subfield code="D">s</subfield>
      <subfield code="0">(DE-588)4003783-6</subfield>
      <subfield code="0">(uri) https://portal.dnb.de/opac.htm?method=simpleSearch&amp;cqlMode=true&amp;query=idn=040037835</subfield>
      <subfield code="0">(uri) http://viaf.org/viaf/sourceID/DNB|040037835</subfield>
      <subfield code="B">GND-040037835</subfield>
    </datafield>
    <datafield tag="751" ind1=" " ind2=" ">
      <subfield code="a">M&#xFC;nchen</subfield>
      <subfield code="4">uvp</subfield>
    </datafield>
    <datafield tag="830" ind1=" " ind2="0">
      <subfield code="a">Europ&#xE4;ische Hochschulschriften : Reihe 31, Politikwissenschaft</subfield>
      <subfield code="w">(DE-605)HT001240725</subfield>
      <subfield code="v">149</subfield>
      <subfield code="9">O:1</subfield>
    </datafield>
    <datafield tag="964" ind1="0" ind2="s">
      <subfield code="F">030</subfield>
      <subfield code="A">a|1uc||||||17</subfield>
    </datafield>
    <datafield tag="964" ind1="0" ind2="s">
      <subfield code="F">050</subfield>
      <subfield code="A">a|||||||||||||</subfield>
    </datafield>
    <datafield tag="964" ind1="0" ind2="s">
      <subfield code="F">051</subfield>
      <subfield code="A">sy||||||</subfield>
    </datafield>
    <datafield tag="MBD" ind1=" " ind2=" ">
      <subfield code="M">49HBZ_NETWORK</subfield>
      <subfield code="i">990063387070206441</subfield>
      <subfield code="n">HBZ Network</subfield>
    </datafield>
    <datafield tag="MBD" ind1=" " ind2=" ">
      <subfield code="M">49HBZ_WUP</subfield>
      <subfield code="i">990006064090206447</subfield>
      <subfield code="n">Bergische Universit&#xE4;t Wuppertal</subfield>
    </datafield>
    <datafield tag="020" ind1=" " ind2=" ">
      <subfield code="a">3631421281</subfield>
      <subfield code="c">kart. : sfr 65.00 (freier Pr.)</subfield>
      <subfield code="9">3-631-42128-1</subfield>
      <subfield code="M">49HBZ_WUP</subfield>
    </datafield>
    <datafield tag="830" ind1=" " ind2="0">
      <subfield code="a">Europ&#xE4;ische Hochschulschriften : Reihe 31, Politikwissenschaft</subfield>
      <subfield code="w">(DE-605)HT001240725</subfield>
      <subfield code="v">149</subfield>
      <subfield code="9">O:1</subfield>
      <subfield code="M">49HBZ_WUP</subfield>
    </datafield>
    <datafield tag="983" ind1=" " ind2=" ">
      <subfield code="b">PQP</subfield>
      <subfield code="9">LOCAL</subfield>
      <subfield code="M">49HBZ_WUP</subfield>
    </datafield>
    <datafield tag="983" ind1=" " ind2=" ">
      <subfield code="b">PPTQ</subfield>
      <subfield code="9">LOCAL</subfield>
      <subfield code="M">49HBZ_WUP</subfield>
    </datafield>
    <datafield tag="MNG" ind1=" " ind2=" ">
      <subfield code="c">System</subfield>
      <subfield code="f">ILS</subfield>
      <subfield code="i">marc21</subfield>
      <subfield code="k">01</subfield>
      <subfield code="e">false</subfield>
      <subfield code="d">2021-01-09 21:48:19 Europe/Berlin</subfield>
      <subfield code="g">006338707-HBZ01</subfield>
      <subfield code="j">60</subfield>
      <subfield code="a">import</subfield>
      <subfield code="b">2020-11-22 18:44:53 Europe/Berlin</subfield>
    </datafield>
    <datafield tag="H52" ind1="8" ind2="1">
      <subfield code="b">W0001</subfield>
      <subfield code="c">UNASSIGNED</subfield>
      <subfield code="8">2287265250006447</subfield>
    </datafield>
    <datafield tag="HOL" ind1=" " ind2=" ">
      <subfield code="b">2020-11-19 12:15:36</subfield>
      <subfield code="8">2287265250006447</subfield>
      <subfield code="M">49HBZ_WUP</subfield>
      <subfield code="g">false</subfield>
      <subfield code="a">import</subfield>
    </datafield>
    <datafield tag="H52" ind1=" " ind2=" ">
      <subfield code="b">W0001</subfield>
      <subfield code="c">47</subfield>
      <subfield code="h"/>
      <subfield code="8">2287265270006447</subfield>
    </datafield>
    <datafield tag="HOL" ind1=" " ind2=" ">
      <subfield code="b">2020-11-19 12:15:36</subfield>
      <subfield code="8">2287265270006447</subfield>
      <subfield code="M">49HBZ_WUP</subfield>
      <subfield code="g">false</subfield>
      <subfield code="a">import</subfield>
    </datafield>
    <datafield tag="ITM" ind1=" " ind2=" ">
      <subfield code="H">2287265270006447</subfield>
      <subfield code="x">47</subfield>
      <subfield code="f">BOOK</subfield>
      <subfield code="v">47</subfield>
      <subfield code="p">11</subfield>
      <subfield code="X">System</subfield>
      <subfield code="U">1990-02-05 10:59:00</subfield>
      <subfield code="Y">2020-12-04 14:35:04</subfield>
      <subfield code="h">false</subfield>
      <subfield code="n">PPTQ1653</subfield>
      <subfield code="M">49HBZ_WUP</subfield>
      <subfield code="s">1</subfield>
      <subfield code="d">#</subfield>
      <subfield code="V">import</subfield>
      <subfield code="b">000215966000010</subfield>
      <subfield code="a">2387265260006447</subfield>
      <subfield code="t">8</subfield>
      <subfield code="B">90/3030</subfield>
      <subfield code="D">20000217</subfield>
      <subfield code="W">2020-11-19 12:15:36</subfield>
      <subfield code="u">W0001</subfield>
      <subfield code="w">W0001</subfield>
    </datafield>
    <datafield tag="GST" ind1=" " ind2=" ">
      <subfield code="a">Auslandsverschuldung</subfield>
      <subfield code="A">GND</subfield>
      <subfield code="B">GND-040037835</subfield>
      <subfield code="C">450</subfield>
    </datafield>
    <datafield tag="GST" ind1=" " ind2=" ">
      <subfield code="a">Schulden</subfield>
      <subfield code="x">Ausland</subfield>
      <subfield code="A">GND</subfield>
      <subfield code="B">GND-040037835</subfield>
      <subfield code="C">450</subfield>
    </datafield>
    <datafield tag="GSI" ind1="7" ind2=" ">
      <subfield code="a">http://d-nb.info/gnd/4003783-6</subfield>
      <subfield code="2">uri</subfield>
      <subfield code="A">GND</subfield>
      <subfield code="B">GND-040037835</subfield>
      <subfield code="C">024</subfield>
    </datafield>
    <datafield tag="GSI" ind1="7" ind2=" ">
      <subfield code="a">4008003-1</subfield>
      <subfield code="0">http://d-nb.info/gnd/4008003-1</subfield>
      <subfield code="2">gnd</subfield>
      <subfield code="A">GND</subfield>
      <subfield code="B">GND-04008003X</subfield>
      <subfield code="C">024</subfield>
    </datafield>
    <datafield tag="GGN" ind1=" " ind2=" ">
      <subfield code="a">Brasil</subfield>
      <subfield code="A">GND</subfield>
      <subfield code="B">GND-04008003X</subfield>
      <subfield code="C">451</subfield>
    </datafield>
    <datafield tag="GGN" ind1=" " ind2=" ">
      <subfield code="a">Brazil</subfield>
      <subfield code="A">GND</subfield>
      <subfield code="B">GND-04008003X</subfield>
      <subfield code="C">451</subfield>
    </datafield>
    <datafield tag="GGN" ind1=" " ind2=" ">
      <subfield code="a">Imperio do Brazil</subfield>
      <subfield code="A">GND</subfield>
      <subfield code="B">GND-04008003X</subfield>
      <subfield code="C">451</subfield>
    </datafield>
    <datafield tag="GGN" ind1=" " ind2=" ">
      <subfield code="a">R&#xE9;publique F&#xE9;d&#xE9;rative du Br&#xE9;sil</subfield>
      <subfield code="A">GND</subfield>
      <subfield code="B">GND-04008003X</subfield>
      <subfield code="C">451</subfield>
    </datafield>
    <datafield tag="GGN" ind1=" " ind2=" ">
      <subfield code="a">Federative Republic of Brazil</subfield>
      <subfield code="A">GND</subfield>
      <subfield code="B">GND-04008003X</subfield>
      <subfield code="C">451</subfield>
    </datafield>
    <datafield tag="GGN" ind1=" " ind2=" ">
      <subfield code="a">Rep&#xFA;blica dos Estados Unidos do Brasil</subfield>
      <subfield code="A">GND</subfield>
      <subfield code="B">GND-04008003X</subfield>
      <subfield code="C">451</subfield>
    </datafield>
    <datafield tag="GGN" ind1=" " ind2=" ">
      <subfield code="a">Estados Unidos do Brasil</subfield>
      <subfield code="A">GND</subfield>
      <subfield code="B">GND-04008003X</subfield>
      <subfield code="C">451</subfield>
    </datafield>
    <datafield tag="GGN" ind1=" " ind2=" ">
      <subfield code="a">Rep&#xFA;blica Federal do Brasil</subfield>
      <subfield code="A">GND</subfield>
      <subfield code="B">GND-04008003X</subfield>
      <subfield code="C">451</subfield>
    </datafield>
    <datafield tag="GGN" ind1=" " ind2=" ">
      <subfield code="a">F&#xF6;derative Republik Brasilien</subfield>
      <subfield code="A">GND</subfield>
      <subfield code="B">GND-04008003X</subfield>
      <subfield code="C">451</subfield>
    </datafield>
    <datafield tag="GGN" ind1=" " ind2=" ">
      <subfield code="a">Rep&#xFA;blica Federativa do Brasil</subfield>
      <subfield code="A">GND</subfield>
      <subfield code="B">GND-04008003X</subfield>
      <subfield code="C">451</subfield>
    </datafield>
    <datafield tag="GGN" ind1=" " ind2=" ">
      <subfield code="a">Br&#xE9;sil</subfield>
      <subfield code="A">GND</subfield>
      <subfield code="B">GND-04008003X</subfield>
      <subfield code="C">451</subfield>
    </datafield>
    <datafield tag="GGN" ind1=" " ind2=" ">
      <subfield code="a">Imperio do Brasil</subfield>
      <subfield code="A">GND</subfield>
      <subfield code="B">GND-04008003X</subfield>
      <subfield code="C">451</subfield>
    </datafield>
    <datafield tag="GGN" ind1=" " ind2=" ">
      <subfield code="a">R&#xE9;publique des Etats-Unis du Br&#xE9;sil</subfield>
      <subfield code="A">GND</subfield>
      <subfield code="B">GND-04008003X</subfield>
      <subfield code="C">451</subfield>
    </datafield>
    <datafield tag="GGN" ind1=" " ind2=" ">
      <subfield code="a">Brazilia</subfield>
      <subfield code="A">GND</subfield>
      <subfield code="B">GND-04008003X</subfield>
      <subfield code="C">451</subfield>
    </datafield>
    <datafield tag="GGN" ind1=" " ind2=" ">
      <subfield code="a">Vereinigtes K&#xF6;nigreich von Portugal, Brasilien und den Algarven</subfield>
      <subfield code="4">naaf</subfield>
      <subfield code="4">https://d-nb.info/standards/elementset/gnd#variantName</subfield>
      <subfield code="w">r</subfield>
      <subfield code="i">Alte Ansetzungsform</subfield>
      <subfield code="A">GND</subfield>
      <subfield code="B">GND-04008003X</subfield>
      <subfield code="C">451</subfield>
    </datafield>
  </record>