
  <record>
    <leader>06583nai#a2201105#ca4500</leader>
    <controlfield tag="005">20200310164300.0</controlfield>
    <controlfield tag="007">td</controlfield>
    <controlfield tag="008">960422|########gw##|#l#######|####|ger#c</controlfield>
    <controlfield tag="003">DE-605</controlfield>
    <controlfield tag="001">990048309450206441</controlfield>
    <datafield tag="016" ind1="7" ind2=" ">
      <subfield code="a">1072397737</subfield>
      <subfield code="2">OCoLC</subfield>
    </datafield>
    <datafield tag="020" ind1=" " ind2=" ">
      <subfield code="a">9783609740003</subfield>
      <subfield code="9">978-3-609-74000-3</subfield>
      <subfield code="0">(uri) http://www.isbnsearch.org/isbn/9783609740003</subfield>
    </datafield>
    <datafield tag="020" ind1=" " ind2=" ">
      <subfield code="z">9783609730005</subfield>
    </datafield>
    <datafield tag="022" ind1=" " ind2=" ">
      <subfield code="a">0936-1197</subfield>
      <subfield code="0">(uri) http://worldcat.org/issn/0936-1197</subfield>
    </datafield>
    <datafield tag="035" ind1=" " ind2=" ">
      <subfield code="a">(OCoLC)1072397737</subfield>
      <subfield code="0">(uri) http://www.worldcat.org/oclc/1072397737</subfield>
    </datafield>
    <datafield tag="035" ind1=" " ind2=" ">
      <subfield code="a">(DE-599)HBZHT002117916</subfield>
    </datafield>
    <datafield tag="035" ind1=" " ind2=" ">
      <subfield code="a">(DE-605)HT002117916</subfield>
    </datafield>
    <datafield tag="040" ind1=" " ind2=" ">
      <subfield code="c">DE-605</subfield>
      <subfield code="a">467</subfield>
      <subfield code="b">ger</subfield>
      <subfield code="d">HBZ/Setup</subfield>
      <subfield code="e">rakwb</subfield>
      <subfield code="d">DE-605</subfield>
    </datafield>
    <datafield tag="041" ind1=" " ind2=" ">
      <subfield code="a">ger</subfield>
    </datafield>
    <datafield tag="044" ind1=" " ind2=" ">
      <subfield code="c">XA-DE</subfield>
    </datafield>
    <datafield tag="084" ind1=" " ind2=" ">
      <subfield code="a">ZG 9285</subfield>
      <subfield code="2">rvk</subfield>
    </datafield>
    <datafield tag="084" ind1=" " ind2=" ">
      <subfield code="a">XE 6900</subfield>
      <subfield code="2">rvk</subfield>
    </datafield>
    <datafield tag="084" ind1=" " ind2=" ">
      <subfield code="a">QP 420</subfield>
      <subfield code="2">rvk</subfield>
    </datafield>
    <datafield tag="245" ind1="0" ind2="0">
      <subfield code="a">Merkbl&#xE4;tter gef&#xE4;hrliche Arbeitsstoffe</subfield>
      <subfield code="c">K&#xFC;hn ; Birett</subfield>
    </datafield>
    <datafield tag="264" ind1="3" ind2="1">
      <subfield code="a">Landsberg am Lech</subfield>
      <subfield code="b">Ecomed</subfield>
    </datafield>
    <datafield tag="300" ind1=" " ind2=" ">
      <subfield code="a">Losebl.-Ausg.</subfield>
      <subfield code="e">Disketten (9 cm), 1 DVD (12 cm)</subfield>
    </datafield>
    <datafield tag="490" ind1="0" ind2=" ">
      <subfield code="a">Ecomed Sicherheit</subfield>
    </datafield>
    <datafield tag="500" ind1=" " ind2=" ">
      <subfield code="a">Fr&#xFC;her im Verl. Moderne Industrie, M&#xFC;nchen, erschienen</subfield>
      <subfield code="9">F:511</subfield>
    </datafield>
    <datafield tag="689" ind1="0" ind2="0">
      <subfield code="a">Deutschland</subfield>
      <subfield code="D">g</subfield>
      <subfield code="0">(DE-588)4011882-4</subfield>
      <subfield code="0">(uri) https://portal.dnb.de/opac.htm?method=simpleSearch&amp;cqlMode=true&amp;query=idn=040118827</subfield>
      <subfield code="0">(uri) http://viaf.org/viaf/sourceID/DNB|040118827</subfield>
      <subfield code="B">GND-040118827</subfield>
    </datafield>
    <datafield tag="689" ind1="0" ind2="1">
      <subfield code="a">Gef&#xE4;hrlicher Arbeitsstoff</subfield>
      <subfield code="D">s</subfield>
      <subfield code="0">(DE-588)4113678-0</subfield>
      <subfield code="0">(uri) https://portal.dnb.de/opac.htm?method=simpleSearch&amp;cqlMode=true&amp;query=idn=041136780</subfield>
      <subfield code="0">(uri) http://viaf.org/viaf/sourceID/DNB|041136780</subfield>
      <subfield code="B">GND-041136780</subfield>
    </datafield>
    <datafield tag="689" ind1="0" ind2="2">
      <subfield code="a">Datensammlung</subfield>
      <subfield code="A">f</subfield>
    </datafield>
    <datafield tag="780" ind1="0" ind2="0">
      <subfield code="i">Darin aufgegangen</subfield>
      <subfield code="t">Gef&#xE4;hrliche Stoffe</subfield>
    </datafield>
    <datafield tag="770" ind1="0" ind2="8">
      <subfield code="i">Beilage</subfield>
      <subfield code="a">Raths, Hans-Peter</subfield>
      <subfield code="t">Betriebssicherheitsverordnung</subfield>
      <subfield code="c">2018</subfield>
      <subfield code="w">(DE-605)HT019642237</subfield>
    </datafield>
    <datafield tag="772" ind1="0" ind2="8">
      <subfield code="i">Beil. u.d.T.</subfield>
      <subfield code="t">Weller, Matthias: Haftungsrecht Gefahrstoffe</subfield>
      <subfield code="w">(DE-605)HT015311871</subfield>
    </datafield>
    <datafield tag="772" ind1="0" ind2="8">
      <subfield code="i">Beil. u.d.T.</subfield>
      <subfield code="t">Schwede, Joachim: Praxisleitfaden gesetzliche Unfallversicherung (SGB VII)</subfield>
    </datafield>
    <datafield tag="772" ind1="0" ind2="8">
      <subfield code="i">Beil. u.d.T.</subfield>
      <subfield code="t">M&#xFC;ller, Norbert: GHS - das neue Chemikalienrecht</subfield>
    </datafield>
    <datafield tag="772" ind1="0" ind2="8">
      <subfield code="i">Beil. u.d.T.</subfield>
      <subfield code="t">Birett, Karl: Umgang mit Gefahrstoffen</subfield>
    </datafield>
    <datafield tag="772" ind1="0" ind2="8">
      <subfield code="i">Beil. u.d.T.</subfield>
      <subfield code="t">Sch&#xFC;nemann, Joachim: Pflichtenheft Gefahrstoffrecht</subfield>
    </datafield>
    <datafield tag="772" ind1="0" ind2="8">
      <subfield code="i">Beil. u.d.T.</subfield>
      <subfield code="t">Luksch, Andreas: Explosionsschutzdokument richtig erstellen</subfield>
    </datafield>
    <datafield tag="772" ind1="0" ind2="8">
      <subfield code="i">Beil. u.d.T.</subfield>
      <subfield code="t">Lenz, Kerstin: Pflichtenheft Abfallrecht</subfield>
    </datafield>
    <datafield tag="772" ind1="0" ind2="8">
      <subfield code="i">Beil. u.d.T.</subfield>
      <subfield code="t">Sichere Lagerung gef&#xE4;hrlicher Stoffe</subfield>
    </datafield>
    <datafield tag="772" ind1="0" ind2="8">
      <subfield code="i">CD-ROM-Beil. u.d.T.</subfield>
      <subfield code="t">Symbole f&#xFC;r die betriebliche Praxis</subfield>
      <subfield code="w">(DE-605)HT013322698</subfield>
    </datafield>
    <datafield tag="772" ind1="0" ind2="8">
      <subfield code="i">Beil. u.d.T.</subfield>
      <subfield code="t">Wagner, Karl: Abfallkatalog</subfield>
      <subfield code="w">(DE-605)HT014477567</subfield>
    </datafield>
    <datafield tag="772" ind1="0" ind2="8">
      <subfield code="i">Beil. u.d.T.</subfield>
      <subfield code="t">Arbeitsst&#xE4;ttenverordnung 2004</subfield>
      <subfield code="w">(DE-605)HT014185006</subfield>
    </datafield>
    <datafield tag="772" ind1="0" ind2="8">
      <subfield code="i">Beil. u.d.T.</subfield>
      <subfield code="t">Janssen, Gabriele: Die L&#xF6;semittelbilanz</subfield>
    </datafield>
    <datafield tag="772" ind1="0" ind2="8">
      <subfield code="i">CD-ROM-Beil. u.d.T.</subfield>
      <subfield code="t">Gefahrstoff-Verzeichnis</subfield>
      <subfield code="w">(DE-605)HT014315889</subfield>
    </datafield>
    <datafield tag="772" ind1="0" ind2="8">
      <subfield code="i">CD-ROM-Beil. u.d.T.</subfield>
      <subfield code="t">Wegweiser zur Schutzstufe nach GefStoffV</subfield>
      <subfield code="w">(DE-605)HT014708448</subfield>
    </datafield>
    <datafield tag="772" ind1="0" ind2="8">
      <subfield code="i">CD-ROM-Beil. u.d.T.</subfield>
      <subfield code="t">Muster-Betriebsanweisungen</subfield>
    </datafield>
    <datafield tag="772" ind1="0" ind2="8">
      <subfield code="i">CD-ROM-Beil. u.d.T.</subfield>
      <subfield code="t">Gefahrstoff-Etiketten</subfield>
      <subfield code="w">(DE-605)HT015626729</subfield>
    </datafield>
    <datafield tag="772" ind1="0" ind2="8">
      <subfield code="i">Beil. u.d.T.</subfield>
      <subfield code="t">Roth, Lutz: Chlorierte Kohlenwasserstoffe</subfield>
    </datafield>
    <datafield tag="772" ind1="0" ind2="8">
      <subfield code="i">Beil. u.d.T.</subfield>
      <subfield code="t">Janssen, Gabriele: Das Sicherheitsdatenblatt</subfield>
      <subfield code="w">(DE-605)HT015081849</subfield>
    </datafield>
    <datafield tag="772" ind1="0" ind2="8">
      <subfield code="i">Beil. u.d.T.</subfield>
      <subfield code="t">Brandhofer, Peter: REACH, die neue Herausforderung f&#xFC;r Ihr Unternehmen!</subfield>
      <subfield code="w">(DE-605)HT015205517</subfield>
    </datafield>
    <datafield tag="772" ind1="0" ind2="8">
      <subfield code="i">Beil. u.d.T.</subfield>
      <subfield code="t">Klausen, Johannes: Das neue Kreislaufwirtschaftsgesetz - das &#xE4;ndert sich f&#xFC;r Sie!</subfield>
      <subfield code="w">(DE-605)HT017375674</subfield>
    </datafield>
    <datafield tag="772" ind1="0" ind2="8">
      <subfield code="i">Beil. u.d.T.</subfield>
      <subfield code="t">Janssen, Gabriele: Das Sicherheitsdatenblatt nach REACH</subfield>
    </datafield>
    <datafield tag="772" ind1="0" ind2="8">
      <subfield code="i">Beil. u.d.T.</subfield>
      <subfield code="t">Both, Ildik&#xF3;: Abfallnachweisverfahren - das &#xE4;ndert sich f&#xFC;r Sie!</subfield>
      <subfield code="w">(DE-605)HT015206962</subfield>
    </datafield>
    <datafield tag="772" ind1="0" ind2="8">
      <subfield code="i">Beil. u.d.T.</subfield>
      <subfield code="t">Both, Ildik&#xF3;: Abfallverbringung - das &#xE4;ndert sich f&#xFC;r Sie!</subfield>
      <subfield code="w">(DE-605)HT015331896</subfield>
    </datafield>
    <datafield tag="772" ind1="0" ind2="8">
      <subfield code="i">Beil. u.d.T.</subfield>
      <subfield code="t">Brandhofer, Peter: REACH, der nachgeschaltete Anwender</subfield>
      <subfield code="w">(DE-605)HT016124947</subfield>
    </datafield>
    <datafield tag="772" ind1="0" ind2="8">
      <subfield code="i">Beil. u.d.T.</subfield>
      <subfield code="t">Schmitt, Martin: Betrieblicher Sanit&#xE4;tsdienst</subfield>
      <subfield code="w">(DE-605)HT016771145</subfield>
    </datafield>
    <datafield tag="772" ind1="0" ind2="8">
      <subfield code="i">Beil. u.d.T.</subfield>
      <subfield code="t">M&#xFC;ller, E.-Werner: Unfallrisiko Nr. 1: Verhalten</subfield>
      <subfield code="w">(DE-605)HT017192906</subfield>
    </datafield>
    <datafield tag="772" ind1="0" ind2="8">
      <subfield code="i">CD-ROM-Beil. u.d.T.</subfield>
      <subfield code="t">Stoffinventar REACH</subfield>
      <subfield code="w">(DE-605)HT015467556</subfield>
    </datafield>
    <datafield tag="772" ind1="0" ind2="8">
      <subfield code="i">CD-ROM-Beil. u.d.T.</subfield>
      <subfield code="t">Stoffgruppen-Merkbl&#xE4;tter</subfield>
      <subfield code="w">(DE-605)HT015729276</subfield>
    </datafield>
    <datafield tag="772" ind1="0" ind2="8">
      <subfield code="i">Beil. u.d.T.</subfield>
      <subfield code="t">Wieland, Karen: Umweltschadensgesetz (USchadG) richtig umsetzen</subfield>
      <subfield code="w">(DE-605)HT015576575</subfield>
    </datafield>
    <datafield tag="772" ind1="0" ind2="8">
      <subfield code="i">CD-ROM-Beil. u.d.T.</subfield>
      <subfield code="t">Umrechnungstool GHS</subfield>
      <subfield code="w">(DE-605)HT015824070</subfield>
    </datafield>
    <datafield tag="772" ind1="0" ind2="8">
      <subfield code="i">CD-ROM-Beil. u.d.T.</subfield>
      <subfield code="t">Umstufungshelfer GHS</subfield>
      <subfield code="w">(DE-605)HT016025812</subfield>
    </datafield>
    <datafield tag="772" ind1="0" ind2="8">
      <subfield code="i">CD-ROM-Beil. u.d.T.</subfield>
      <subfield code="t">Auftrag Gefahrgut: Lagerung gef&#xE4;hrlicher Stoffe</subfield>
      <subfield code="w">(DE-605)HT016350266</subfield>
    </datafield>
    <datafield tag="772" ind1="0" ind2="8">
      <subfield code="i">CD-ROM-Beil. u.d.T.</subfield>
      <subfield code="t">Informations- und Formbl&#xE4;tter f&#xFC;r Betriebsarzt und Sicherheitsfachkraft</subfield>
      <subfield code="w">(DE-605)HT016551396</subfield>
    </datafield>
    <datafield tag="772" ind1="0" ind2="8">
      <subfield code="i">CD-ROM-Beil. u.d.T.</subfield>
      <subfield code="t">GHS-Pr&#xE4;sentation</subfield>
      <subfield code="w">(DE-605)HT016728319</subfield>
    </datafield>
    <datafield tag="772" ind1="0" ind2="8">
      <subfield code="i">CD-ROM-Beil. u.d.T.</subfield>
      <subfield code="t">Erste Hilfe bei Gefahrstoff-Notf&#xE4;llen</subfield>
      <subfield code="w">(DE-605)HT017064520</subfield>
    </datafield>
    <datafield tag="772" ind1="0" ind2="8">
      <subfield code="i">Beil. u.d.T.</subfield>
      <subfield code="t">Brandhofer, Peter: Chemikalien anwenden unter REACH</subfield>
      <subfield code="w">(DE-605)HT016989769</subfield>
    </datafield>
    <datafield tag="772" ind1="0" ind2="8">
      <subfield code="i">Beil. u.d.T.</subfield>
      <subfield code="t">Roth, Lutz: GHS - Hilfe beim Einstufen und Kennzeichnen</subfield>
    </datafield>
    <datafield tag="772" ind1="0" ind2="8">
      <subfield code="i">CD-ROM-Beil. u.d.T.</subfield>
      <subfield code="t">Handlungshilfen f&#xFC;r Abfallbeauftragte</subfield>
      <subfield code="w">(DE-605)HT015767057</subfield>
    </datafield>
    <datafield tag="772" ind1="0" ind2="8">
      <subfield code="i">CD-ROM-Beil. u.d.T.</subfield>
      <subfield code="t">Gefahrstoff-Etiketten nach TRGS 201</subfield>
      <subfield code="w">(DE-605)HT017622475</subfield>
    </datafield>
    <datafield tag="772" ind1="0" ind2="8">
      <subfield code="i">Beil. u.d.T.</subfield>
      <subfield code="t">St&#xF6;ffler, Birgit: Sicheres Arbeiten mit Gefahrstoffen</subfield>
    </datafield>
    <datafield tag="772" ind1="0" ind2="8">
      <subfield code="i">Beil. u.d.T.</subfield>
      <subfield code="t">Roth, Lutz: Formaldehyd</subfield>
    </datafield>
    <datafield tag="772" ind1="0" ind2="8">
      <subfield code="i">Beil. u.d.T.</subfield>
      <subfield code="t">Anzeige- und Erlaubnisverordnung (AbfAEV), Nachweisverordnung (NachwV) - das &#xE4;ndert sich f&#xFC;r Sie!</subfield>
      <subfield code="w">(DE-605)HT018249420</subfield>
    </datafield>
    <datafield tag="772" ind1="0" ind2="8">
      <subfield code="i">Beil. u.d.T.</subfield>
      <subfield code="t">REACH in der betrieblichen Praxis</subfield>
      <subfield code="w">(DE-605)HT018347875</subfield>
    </datafield>
    <datafield tag="772" ind1="0" ind2="8">
      <subfield code="i">Beil. u.d.T.</subfield>
      <subfield code="t">St&#xF6;ffler, Birgit: Substitution von Gefahrstoffen</subfield>
      <subfield code="w">(DE-605)HT018535536</subfield>
    </datafield>
    <datafield tag="772" ind1="0" ind2="8">
      <subfield code="i">CD-ROM-Beil. u.d.T.</subfield>
      <subfield code="t">Arbeitsschutzrecht</subfield>
      <subfield code="w">(DE-605)HT013911364</subfield>
    </datafield>
    <datafield tag="772" ind1="0" ind2="8">
      <subfield code="i">Beil. u.d.T.</subfield>
      <subfield code="t">W&#xF6;rterbuch REACH - CLP - Biozide</subfield>
      <subfield code="w">(DE-605)HT018658201</subfield>
    </datafield>
    <datafield tag="772" ind1="0" ind2="8">
      <subfield code="i">Beil. u.d.T.</subfield>
      <subfield code="t">Raths, Hans-Peter: Betriebssicherheitsverordnung 2015</subfield>
      <subfield code="w">(DE-605)HT018617249</subfield>
    </datafield>
    <datafield tag="772" ind1="0" ind2="8">
      <subfield code="i">CD-ROM-Beil. u.d.T.</subfield>
      <subfield code="t">Checklisten Arbeitssicherheit</subfield>
      <subfield code="w">(DE-605)HT017891699</subfield>
    </datafield>
    <datafield tag="772" ind1="0" ind2="8">
      <subfield code="i">Beil. u.d.T.</subfield>
      <subfield code="t">Luksch, Andreas: Gef&#xE4;hrdungsbeurteilung richtig machen</subfield>
    </datafield>
    <datafield tag="772" ind1="0" ind2="8">
      <subfield code="i">Beil. u.d.T.</subfield>
      <subfield code="t">Kurth, S&#xF6;nke: Pflichtenheft Brandschutz</subfield>
    </datafield>
    <datafield tag="772" ind1="0" ind2="8">
      <subfield code="i">Beil. u.d.T.</subfield>
      <subfield code="t">REACH in der betrieblichen Praxis</subfield>
      <subfield code="w">(DE-605)HT019409588</subfield>
    </datafield>
    <datafield tag="772" ind1="0" ind2="8">
      <subfield code="i">Beil. u.d.T.</subfield>
      <subfield code="t">Born, Michael: Fachkunde Gefahrstoffe</subfield>
      <subfield code="w">(DE-605)HT019420046</subfield>
    </datafield>
    <datafield tag="772" ind1="0" ind2="8">
      <subfield code="i">Beil. u.d.T.</subfield>
      <subfield code="t">Meinel, Hubert: Betrieblicher Gesundheitsschutz</subfield>
    </datafield>
    <datafield tag="772" ind1="0" ind2="8">
      <subfield code="i">Beil. u.d.T.</subfield>
      <subfield code="t">M&#xFC;ller, Ute: Elektronisches Abfallnachweisverfahren</subfield>
      <subfield code="w">(DE-605)HT019658793</subfield>
    </datafield>
    <datafield tag="772" ind1="0" ind2="8">
      <subfield code="i">Beil. u.d.T.</subfield>
      <subfield code="t">Brand, Joachim: Gef&#xE4;hrliche Abf&#xE4;lle richtig einstufen und klassifizieren</subfield>
      <subfield code="w">(DE-605)HT019717490</subfield>
    </datafield>
    <datafield tag="772" ind1="0" ind2="8">
      <subfield code="i">Beil. u.d.T.</subfield>
      <subfield code="t">Roth, Lutz: Gemische - Einstufen und Kennzeichnen nach GHS</subfield>
      <subfield code="w">(DE-605)HT019809803</subfield>
    </datafield>
    <datafield tag="751" ind1=" " ind2=" ">
      <subfield code="a">Halle saale</subfield>
      <subfield code="4">evp</subfield>
    </datafield>
    <datafield tag="700" ind1="1" ind2=" ">
      <subfield code="a">K&#xFC;hn, Robert</subfield>
      <subfield code="0">(DE-588)101324316</subfield>
      <subfield code="4">oth</subfield>
    </datafield>
    <datafield tag="700" ind1="1" ind2=" ">
      <subfield code="a">Birett, Karl</subfield>
      <subfield code="0">(DE-588)109185706</subfield>
      <subfield code="4">oth</subfield>
      <subfield code="0">(uri) https://portal.dnb.de/opac.htm?method=simpleSearch&amp;cqlMode=true&amp;query=idn=109185706</subfield>
      <subfield code="0">(uri) http://viaf.org/viaf/sourceID/DNB|109185706</subfield>
      <subfield code="B">GND-109185706</subfield>
    </datafield>
    <datafield tag="960" ind1="1" ind2=" ">
      <subfield code="r">almahbz CSS</subfield>
    </datafield>
    <datafield tag="964" ind1="0" ind2="s">
      <subfield code="F">030</subfield>
      <subfield code="A">a|1uc||||||37</subfield>
    </datafield>
    <datafield tag="964" ind1="0" ind2="s">
      <subfield code="F">050</subfield>
      <subfield code="A">a|||||||||||||</subfield>
    </datafield>
    <datafield tag="964" ind1="0" ind2="s">
      <subfield code="F">051</subfield>
      <subfield code="A">no||||||</subfield>
    </datafield>
    <datafield tag="MBD" ind1=" " ind2=" ">
      <subfield code="M">49HBZ_NETWORK</subfield>
      <subfield code="i">990048309450206441</subfield>
      <subfield code="n">HBZ Network</subfield>
    </datafield>
    <datafield tag="MBD" ind1=" " ind2=" ">
      <subfield code="M">49HBZ_WUP</subfield>
      <subfield code="i">990009164740206447</subfield>
      <subfield code="n">Bergische Universit&#xE4;t Wuppertal</subfield>
    </datafield>
    <datafield tag="020" ind1=" " ind2=" ">
      <subfield code="a">9783609740003</subfield>
      <subfield code="9">978-3-609-74000-3</subfield>
      <subfield code="M">49HBZ_WUP</subfield>
    </datafield>
    <datafield tag="500" ind1=" " ind2=" ">
      <subfield code="a">Fr&#xFC;her im Verl. Moderne Industrie, M&#xFC;nchen, erschienen</subfield>
      <subfield code="9">F:511</subfield>
      <subfield code="M">49HBZ_WUP</subfield>
    </datafield>
    <datafield tag="980" ind1="1" ind2=" ">
      <subfield code="b">LA-CD</subfield>
      <subfield code="9">LOCAL</subfield>
      <subfield code="M">49HBZ_WUP</subfield>
    </datafield>
    <datafield tag="MBD" ind1=" " ind2=" ">
      <subfield code="M">49HBZ_UBD</subfield>
      <subfield code="i">991006966729706445</subfield>
      <subfield code="n">Technische Universit&#xE4;t Dortmund</subfield>
    </datafield>
    <datafield tag="020" ind1=" " ind2=" ">
      <subfield code="a">9783609740003</subfield>
      <subfield code="9">978-3-609-74000-3</subfield>
      <subfield code="M">49HBZ_UBD</subfield>
    </datafield>
    <datafield tag="500" ind1=" " ind2=" ">
      <subfield code="a">Fr&#xFC;her im Verl. Moderne Industrie, M&#xFC;nchen, erschienen</subfield>
      <subfield code="9">F:511</subfield>
      <subfield code="M">49HBZ_UBD</subfield>
    </datafield>
    <datafield tag="980" ind1="1" ind2=" ">
      <subfield code="e">HBZ</subfield>
      <subfield code="9">LOCAL</subfield>
      <subfield code="M">49HBZ_UBD</subfield>
    </datafield>
    <datafield tag="981" ind1=" " ind2=" ">
      <subfield code="a">(DE-290)210550</subfield>
      <subfield code="9">LOCAL</subfield>
      <subfield code="M">49HBZ_UBD</subfield>
    </datafield>
    <datafield tag="997" ind1=" " ind2=" ">
      <subfield code="a">19990727</subfield>
      <subfield code="9">LOCAL</subfield>
      <subfield code="M">49HBZ_UBD</subfield>
    </datafield>
    <datafield tag="MBD" ind1=" " ind2=" ">
      <subfield code="M">49HBZ_BIE</subfield>
      <subfield code="i">991008738079706442</subfield>
      <subfield code="n">Universit&#xE4;t Bielefeld</subfield>
    </datafield>
    <datafield tag="020" ind1=" " ind2=" ">
      <subfield code="a">9783609740003</subfield>
      <subfield code="9">978-3-609-74000-3</subfield>
      <subfield code="M">49HBZ_BIE</subfield>
    </datafield>
    <datafield tag="500" ind1=" " ind2=" ">
      <subfield code="a">Fr&#xFC;her im Verl. Moderne Industrie, M&#xFC;nchen, erschienen</subfield>
      <subfield code="9">F:511</subfield>
      <subfield code="M">49HBZ_BIE</subfield>
    </datafield>
    <datafield tag="980" ind1="1" ind2=" ">
      <subfield code="e">HBZ</subfield>
      <subfield code="9">LOCAL</subfield>
      <subfield code="M">49HBZ_BIE</subfield>
    </datafield>
    <datafield tag="981" ind1=" " ind2=" ">
      <subfield code="a">(DE-361)345102</subfield>
      <subfield code="9">LOCAL</subfield>
      <subfield code="M">49HBZ_BIE</subfield>
    </datafield>
    <datafield tag="991" ind1=" " ind2=" ">
      <subfield code="a">Disketten-, CD-ROM- und  DVD-Beil. nicht vorh.</subfield>
      <subfield code="9">LOCAL</subfield>
      <subfield code="M">49HBZ_BIE</subfield>
    </datafield>
    <datafield tag="997" ind1=" " ind2=" ">
      <subfield code="a">20020120</subfield>
      <subfield code="9">LOCAL</subfield>
      <subfield code="M">49HBZ_BIE</subfield>
    </datafield>
    <datafield tag="MBD" ind1=" " ind2=" ">
      <subfield code="M">49HBZ_UDE</subfield>
      <subfield code="i">990003206340206446</subfield>
      <subfield code="n">Universit&#xE4;t Duisburg-Essen</subfield>
    </datafield>
    <datafield tag="020" ind1=" " ind2=" ">
      <subfield code="a">9783609740003</subfield>
      <subfield code="9">978-3-609-74000-3</subfield>
      <subfield code="M">49HBZ_UDE</subfield>
    </datafield>
    <datafield tag="500" ind1=" " ind2=" ">
      <subfield code="a">Fr&#xFC;her im Verl. Moderne Industrie, M&#xFC;nchen, erschienen</subfield>
      <subfield code="9">F:511</subfield>
      <subfield code="M">49HBZ_UDE</subfield>
    </datafield>
    <datafield tag="983" ind1=" " ind2=" ">
      <subfield code="b">UNSB</subfield>
      <subfield code="9">LOCAL</subfield>
      <subfield code="M">49HBZ_UDE</subfield>
    </datafield>
    <datafield tag="MNG" ind1=" " ind2=" ">
      <subfield code="c">System</subfield>
      <subfield code="f">HBZ</subfield>
      <subfield code="i">marc21</subfield>
      <subfield code="h">20200310164300.0</subfield>
      <subfield code="k">01</subfield>
      <subfield code="e">false</subfield>
      <subfield code="d">2021-03-06 07:33:48 Europe/Berlin</subfield>
      <subfield code="g">004830945-HBZ01</subfield>
      <subfield code="j">60</subfield>
      <subfield code="a">import</subfield>
      <subfield code="b">2020-11-22 14:27:21 Europe/Berlin</subfield>
    </datafield>
    <datafield tag="H52" ind1="8" ind2="1">
      <subfield code="b">W0001</subfield>
      <subfield code="z">Disketten und Beil. "Wagner, Karl: Abfallkatalog", "Arbeitsst&#xE4;ttenverordnung 2004" und "Gefahrstoffetiketten - Druckprogramm, Ausg. 2006" nicht vorhanden. *** Zum Nachweis einzelner Beilagen bitte immer auch unter deren Titel recherchieren.</subfield>
      <subfield code="c">UNASSIGNED</subfield>
      <subfield code="8">2289088340006447</subfield>
    </datafield>
    <datafield tag="HOL" ind1=" " ind2=" ">
      <subfield code="b">2020-11-19 12:21:27</subfield>
      <subfield code="8">2289088340006447</subfield>
      <subfield code="M">49HBZ_WUP</subfield>
      <subfield code="g">false</subfield>
      <subfield code="a">import</subfield>
    </datafield>
    <datafield tag="H52" ind1=" " ind2=" ">
      <subfield code="b">W0001</subfield>
      <subfield code="c">06</subfield>
      <subfield code="h"/>
      <subfield code="8">2289088380006447</subfield>
    </datafield>
    <datafield tag="HOL" ind1=" " ind2=" ">
      <subfield code="b">2020-11-19 12:21:27</subfield>
      <subfield code="8">2289088380006447</subfield>
      <subfield code="M">49HBZ_WUP</subfield>
      <subfield code="g">false</subfield>
      <subfield code="a">import</subfield>
    </datafield>
    <datafield tag="H52" ind1="8" ind2=" ">
      <subfield code="b">W0001</subfield>
      <subfield code="c">82</subfield>
      <subfield code="z">Disketten und Beilage "Wagner, Karl: Abfallkatalog", "Arbeitsst&#xE4;ttenverordnung 2004" und "Gefahrstoffetiketten - Druckprogramm, Ausgabe 2006" nicht vorhanden</subfield>
      <subfield code="8">2289088360006447</subfield>
    </datafield>
    <datafield tag="HOL" ind1=" " ind2=" ">
      <subfield code="d">2021-03-12 11:22:38</subfield>
      <subfield code="8">2289088360006447</subfield>
      <subfield code="b">2020-11-19 12:21:27</subfield>
      <subfield code="M">49HBZ_WUP</subfield>
      <subfield code="g">false</subfield>
      <subfield code="a">import</subfield>
      <subfield code="c">COWA94004632</subfield>
    </datafield>
    <datafield tag="ITM" ind1=" " ind2=" ">
      <subfield code="H">2289088380006447</subfield>
      <subfield code="x">06</subfield>
      <subfield code="f">DVD</subfield>
      <subfield code="v">06</subfield>
      <subfield code="p">12</subfield>
      <subfield code="X">System</subfield>
      <subfield code="U">2006-04-28 10:59:00</subfield>
      <subfield code="Y">2020-12-08 14:50:48</subfield>
      <subfield code="h">false</subfield>
      <subfield code="J">DVD</subfield>
      <subfield code="n">ZFL3157-M,1</subfield>
      <subfield code="i">CD</subfield>
      <subfield code="M">49HBZ_WUP</subfield>
      <subfield code="s">1</subfield>
      <subfield code="d">#</subfield>
      <subfield code="V">import</subfield>
      <subfield code="b">06ZFL3157-M,1</subfield>
      <subfield code="a">2389088370006447</subfield>
      <subfield code="t">8</subfield>
      <subfield code="B">2006/1122</subfield>
      <subfield code="D">20080912</subfield>
      <subfield code="W">2020-11-19 12:21:27</subfield>
      <subfield code="u">W0001</subfield>
      <subfield code="w">W0001</subfield>
    </datafield>
    <datafield tag="ITM" ind1=" " ind2=" ">
      <subfield code="H">2289088360006447</subfield>
      <subfield code="x">82</subfield>
      <subfield code="f">LOOSELEAF</subfield>
      <subfield code="v">82</subfield>
      <subfield code="p">12</subfield>
      <subfield code="X">COWA94004632</subfield>
      <subfield code="U">2006-04-28 10:59:00</subfield>
      <subfield code="Y">2021-03-12 11:22:38</subfield>
      <subfield code="h">false</subfield>
      <subfield code="J">Sonderregal Loseblatt-Ausgaben</subfield>
      <subfield code="n">ZFL3157</subfield>
      <subfield code="M">49HBZ_WUP</subfield>
      <subfield code="s">1</subfield>
      <subfield code="d">8</subfield>
      <subfield code="V">import</subfield>
      <subfield code="b">82ZFL3157</subfield>
      <subfield code="a">2389088350006447</subfield>
      <subfield code="t">8</subfield>
      <subfield code="B">2006/1122</subfield>
      <subfield code="D">20060428</subfield>
      <subfield code="W">2020-11-19 12:21:27</subfield>
      <subfield code="u">W0001</subfield>
      <subfield code="w">W0001</subfield>
    </datafield>
    <datafield tag="H52" ind1=" " ind2=" ">
      <subfield code="b">ZB</subfield>
      <subfield code="c">Freihand</subfield>
      <subfield code="h">P 12127-2</subfield>
      <subfield code="8">22103695690006445</subfield>
    </datafield>
    <datafield tag="HOL" ind1=" " ind2=" ">
      <subfield code="b">2020-11-26 20:49:51</subfield>
      <subfield code="8">22103695690006445</subfield>
      <subfield code="M">49HBZ_UBD</subfield>
      <subfield code="g">false</subfield>
      <subfield code="a">import</subfield>
    </datafield>
    <datafield tag="ITM" ind1=" " ind2=" ">
      <subfield code="H">22103695690006445</subfield>
      <subfield code="x">Freihand</subfield>
      <subfield code="f">BOOK</subfield>
      <subfield code="v">Freihand</subfield>
      <subfield code="p">Praesenz</subfield>
      <subfield code="X">System</subfield>
      <subfield code="U">2020-11-25 10:59:00</subfield>
      <subfield code="Y">2020-11-26 20:50:23</subfield>
      <subfield code="h">false</subfield>
      <subfield code="n">P 12127-6</subfield>
      <subfield code="G">1</subfield>
      <subfield code="M">49HBZ_UBD</subfield>
      <subfield code="s">1</subfield>
      <subfield code="d">#</subfield>
      <subfield code="V">import</subfield>
      <subfield code="L">ClassificationNo: 1500 | SISIS-Magazindrucker: 0 | HBZ01: HT002117916 | Keine Beilagen: 1 | Beilagen: J</subfield>
      <subfield code="b">50000021568</subfield>
      <subfield code="O">SISIS-Ausleihz&#xE4;hler vorletztes Migrationsjahr: 0 | SISIS-Vormerkz&#xE4;hler Migrationsjahr: 0 | SISIS-Buchdaten-Aufnahmedatum: 2015-10-14</subfield>
      <subfield code="N">Fernleihkonditionen: 0 | Sigel: 290 | Klassifikation: 1500 | Altersbegrenzung: 0 | SISIS-Ausleihz&#xE4;hler Migrationsjahr: 0 | SISIS-Ausleihz&#xE4;hler Vor-Migrationsjahr: 0</subfield>
      <subfield code="a">23103695640006445</subfield>
      <subfield code="c">P 12127-2</subfield>
      <subfield code="W">2020-11-26 20:49:51</subfield>
      <subfield code="u">ZB</subfield>
      <subfield code="w">ZB</subfield>
    </datafield>
    <datafield tag="ITM" ind1=" " ind2=" ">
      <subfield code="H">22103695690006445</subfield>
      <subfield code="x">Freihand</subfield>
      <subfield code="f">BOOK</subfield>
      <subfield code="v">Freihand</subfield>
      <subfield code="p">Praesenz</subfield>
      <subfield code="X">System</subfield>
      <subfield code="U">2020-11-25 10:59:00</subfield>
      <subfield code="Y">2020-11-26 20:50:23</subfield>
      <subfield code="h">false</subfield>
      <subfield code="n">P 12127-7</subfield>
      <subfield code="G">1</subfield>
      <subfield code="M">49HBZ_UBD</subfield>
      <subfield code="s">1</subfield>
      <subfield code="d">#</subfield>
      <subfield code="V">import</subfield>
      <subfield code="L">ClassificationNo: 1500 | SISIS-Magazindrucker: 0 | HBZ01: HT002117916 | Keine Beilagen: 1 | Beilagen: J</subfield>
      <subfield code="b">50000021569</subfield>
      <subfield code="O">SISIS-Ausleihz&#xE4;hler vorletztes Migrationsjahr: 0 | SISIS-Vormerkz&#xE4;hler Migrationsjahr: 0 | SISIS-Buchdaten-Aufnahmedatum: 2015-10-14</subfield>
      <subfield code="N">Fernleihkonditionen: 0 | Sigel: 290 | Klassifikation: 1500 | Altersbegrenzung: 0 | SISIS-Ausleihz&#xE4;hler Migrationsjahr: 0 | SISIS-Ausleihz&#xE4;hler Vor-Migrationsjahr: 0</subfield>
      <subfield code="a">23103695630006445</subfield>
      <subfield code="c">P 12127-2</subfield>
      <subfield code="W">2020-11-26 20:49:51</subfield>
      <subfield code="u">ZB</subfield>
      <subfield code="w">ZB</subfield>
    </datafield>
    <datafield tag="ITM" ind1=" " ind2=" ">
      <subfield code="H">22103695690006445</subfield>
      <subfield code="x">Freihand</subfield>
      <subfield code="f">BOOK</subfield>
      <subfield code="v">Freihand</subfield>
      <subfield code="p">Praesenz</subfield>
      <subfield code="X">System</subfield>
      <subfield code="U">2020-11-25 10:59:00</subfield>
      <subfield code="Y">2020-11-26 20:50:23</subfield>
      <subfield code="h">false</subfield>
      <subfield code="n">P 12127-8</subfield>
      <subfield code="G">1</subfield>
      <subfield code="M">49HBZ_UBD</subfield>
      <subfield code="s">1</subfield>
      <subfield code="d">#</subfield>
      <subfield code="V">import</subfield>
      <subfield code="L">ClassificationNo: 1500 | SISIS-Magazindrucker: 0 | HBZ01: HT002117916 | Keine Beilagen: 1 | Beilagen: J</subfield>
      <subfield code="b">50000021570</subfield>
      <subfield code="O">SISIS-Ausleihz&#xE4;hler vorletztes Migrationsjahr: 0 | SISIS-Vormerkz&#xE4;hler Migrationsjahr: 0 | SISIS-Buchdaten-Aufnahmedatum: 2015-10-14</subfield>
      <subfield code="N">Fernleihkonditionen: 0 | Sigel: 290 | Klassifikation: 1500 | Altersbegrenzung: 0 | SISIS-Ausleihz&#xE4;hler Migrationsjahr: 0 | SISIS-Ausleihz&#xE4;hler Vor-Migrationsjahr: 0</subfield>
      <subfield code="a">23103695620006445</subfield>
      <subfield code="c">P 12127-2</subfield>
      <subfield code="W">2020-11-26 20:49:51</subfield>
      <subfield code="u">ZB</subfield>
      <subfield code="w">ZB</subfield>
    </datafield>
    <datafield tag="ITM" ind1=" " ind2=" ">
      <subfield code="H">22103695690006445</subfield>
      <subfield code="x">Freihand</subfield>
      <subfield code="f">BOOK</subfield>
      <subfield code="v">Freihand</subfield>
      <subfield code="p">Praesenz</subfield>
      <subfield code="X">System</subfield>
      <subfield code="U">2020-11-25 10:59:00</subfield>
      <subfield code="Y">2020-11-26 20:50:23</subfield>
      <subfield code="h">false</subfield>
      <subfield code="n">P 12127-5</subfield>
      <subfield code="G">1</subfield>
      <subfield code="M">49HBZ_UBD</subfield>
      <subfield code="s">1</subfield>
      <subfield code="d">#</subfield>
      <subfield code="V">import</subfield>
      <subfield code="L">ClassificationNo: 1500 | SISIS-Magazindrucker: 0 | HBZ01: HT002117916 | Keine Beilagen: 1 | Beilagen: J</subfield>
      <subfield code="b">50000021567</subfield>
      <subfield code="O">SISIS-Ausleihz&#xE4;hler vorletztes Migrationsjahr: 0 | SISIS-Vormerkz&#xE4;hler Migrationsjahr: 0 | SISIS-Buchdaten-Aufnahmedatum: 2015-10-14</subfield>
      <subfield code="N">Fernleihkonditionen: 0 | Sigel: 290 | Klassifikation: 1500 | Altersbegrenzung: 0 | SISIS-Ausleihz&#xE4;hler Migrationsjahr: 0 | SISIS-Ausleihz&#xE4;hler Vor-Migrationsjahr: 0</subfield>
      <subfield code="a">23103695650006445</subfield>
      <subfield code="c">P 12127-2</subfield>
      <subfield code="W">2020-11-26 20:49:51</subfield>
      <subfield code="u">ZB</subfield>
      <subfield code="w">ZB</subfield>
    </datafield>
    <datafield tag="ITM" ind1=" " ind2=" ">
      <subfield code="H">22103695690006445</subfield>
      <subfield code="x">Freihand</subfield>
      <subfield code="f">BOOK</subfield>
      <subfield code="v">Freihand</subfield>
      <subfield code="p">Praesenz</subfield>
      <subfield code="X">System</subfield>
      <subfield code="U">2020-11-25 10:59:00</subfield>
      <subfield code="Y">2020-11-26 20:50:23</subfield>
      <subfield code="h">false</subfield>
      <subfield code="n">P 12127-4</subfield>
      <subfield code="G">1</subfield>
      <subfield code="M">49HBZ_UBD</subfield>
      <subfield code="s">1</subfield>
      <subfield code="d">#</subfield>
      <subfield code="V">import</subfield>
      <subfield code="L">ClassificationNo: 1500 | SISIS-Magazindrucker: 0 | HBZ01: HT002117916 | Keine Beilagen: 1 | Beilagen: J</subfield>
      <subfield code="b">50000021566</subfield>
      <subfield code="O">SISIS-Ausleihz&#xE4;hler vorletztes Migrationsjahr: 0 | SISIS-Vormerkz&#xE4;hler Migrationsjahr: 0 | SISIS-Buchdaten-Aufnahmedatum: 2015-10-14</subfield>
      <subfield code="N">Fernleihkonditionen: 0 | Sigel: 290 | Klassifikation: 1500 | Altersbegrenzung: 0 | SISIS-Ausleihz&#xE4;hler Migrationsjahr: 0 | SISIS-Ausleihz&#xE4;hler Vor-Migrationsjahr: 0</subfield>
      <subfield code="a">23103695660006445</subfield>
      <subfield code="c">P 12127-2</subfield>
      <subfield code="W">2020-11-26 20:49:51</subfield>
      <subfield code="u">ZB</subfield>
      <subfield code="w">ZB</subfield>
    </datafield>
    <datafield tag="ITM" ind1=" " ind2=" ">
      <subfield code="H">22103695690006445</subfield>
      <subfield code="x">Freihand</subfield>
      <subfield code="f">BOOK</subfield>
      <subfield code="v">Freihand</subfield>
      <subfield code="p">Praesenz</subfield>
      <subfield code="X">System</subfield>
      <subfield code="U">2020-11-25 10:59:00</subfield>
      <subfield code="Y">2020-11-26 20:50:23</subfield>
      <subfield code="h">false</subfield>
      <subfield code="n">P 12127-3</subfield>
      <subfield code="G">1</subfield>
      <subfield code="M">49HBZ_UBD</subfield>
      <subfield code="s">1</subfield>
      <subfield code="d">#</subfield>
      <subfield code="V">import</subfield>
      <subfield code="L">ClassificationNo: 1500 | SISIS-Magazindrucker: 0 | HBZ01: HT002117916 | Keine Beilagen: 1 | Beilagen: J</subfield>
      <subfield code="b">50000021565</subfield>
      <subfield code="O">SISIS-Ausleihz&#xE4;hler vorletztes Migrationsjahr: 0 | SISIS-Vormerkz&#xE4;hler Migrationsjahr: 0 | SISIS-Buchdaten-Aufnahmedatum: 2015-10-14</subfield>
      <subfield code="N">Fernleihkonditionen: 0 | Sigel: 290 | Klassifikation: 1500 | Altersbegrenzung: 0 | SISIS-Ausleihz&#xE4;hler Migrationsjahr: 0 | SISIS-Ausleihz&#xE4;hler Vor-Migrationsjahr: 0</subfield>
      <subfield code="a">23103695670006445</subfield>
      <subfield code="c">P 12127-2</subfield>
      <subfield code="W">2020-11-26 20:49:51</subfield>
      <subfield code="u">ZB</subfield>
      <subfield code="w">ZB</subfield>
    </datafield>
    <datafield tag="ITM" ind1=" " ind2=" ">
      <subfield code="H">22103695690006445</subfield>
      <subfield code="x">Freihand</subfield>
      <subfield code="f">BOOK</subfield>
      <subfield code="v">Freihand</subfield>
      <subfield code="p">Praesenz</subfield>
      <subfield code="X">System</subfield>
      <subfield code="U">2020-11-25 10:59:00</subfield>
      <subfield code="Y">2020-11-26 20:50:23</subfield>
      <subfield code="h">false</subfield>
      <subfield code="G">1</subfield>
      <subfield code="M">49HBZ_UBD</subfield>
      <subfield code="s">1</subfield>
      <subfield code="d">#</subfield>
      <subfield code="V">import</subfield>
      <subfield code="L">ClassificationNo: 1500 | SISIS-Magazindrucker: 0 | HBZ01: HT002117916 | Keine Beilagen: 1 | Beilagen: J</subfield>
      <subfield code="b">50000021564</subfield>
      <subfield code="O">SISIS-Ausleihz&#xE4;hler vorletztes Migrationsjahr: 0 | SISIS-Vormerkz&#xE4;hler Migrationsjahr: 0 | SISIS-Buchdaten-Aufnahmedatum: 2015-10-14</subfield>
      <subfield code="N">Fernleihkonditionen: 0 | Sigel: 290 | Klassifikation: 1500 | Altersbegrenzung: 0 | SISIS-Ausleihz&#xE4;hler Migrationsjahr: 0 | SISIS-Ausleihz&#xE4;hler Vor-Migrationsjahr: 0</subfield>
      <subfield code="a">23103695680006445</subfield>
      <subfield code="c">P 12127-2</subfield>
      <subfield code="W">2020-11-26 20:49:51</subfield>
      <subfield code="u">ZB</subfield>
      <subfield code="w">ZB</subfield>
    </datafield>
    <datafield tag="ITM" ind1=" " ind2=" ">
      <subfield code="H">22103695690006445</subfield>
      <subfield code="x">Freihand</subfield>
      <subfield code="f">BOOK</subfield>
      <subfield code="v">Freihand</subfield>
      <subfield code="p">Praesenz</subfield>
      <subfield code="X">System</subfield>
      <subfield code="U">2020-11-25 10:59:00</subfield>
      <subfield code="Y">2020-11-26 20:50:23</subfield>
      <subfield code="h">false</subfield>
      <subfield code="n">P 12127-1</subfield>
      <subfield code="G">1</subfield>
      <subfield code="M">49HBZ_UBD</subfield>
      <subfield code="s">1</subfield>
      <subfield code="d">#</subfield>
      <subfield code="V">import</subfield>
      <subfield code="L">ClassificationNo: 1500 | SISIS-Magazindrucker: 0 | HBZ01: HT002117916 | Keine Beilagen: 1</subfield>
      <subfield code="b">52919093</subfield>
      <subfield code="O">SISIS-Ausleihz&#xE4;hler vorletztes Migrationsjahr: 0 | SISIS-Vormerkz&#xE4;hler Migrationsjahr: 0 | SISIS-Buchdaten-Aufnahmedatum: 2007-11-20</subfield>
      <subfield code="N">Fernleihkonditionen: 0 | Sigel: 290 | Klassifikation: 1500 | Altersbegrenzung: 0 | SISIS-Ausleihz&#xE4;hler Migrationsjahr: 0 | SISIS-Ausleihz&#xE4;hler Vor-Migrationsjahr: 0</subfield>
      <subfield code="a">23103695610006445</subfield>
      <subfield code="c">P 12127-2</subfield>
      <subfield code="W">2020-11-26 20:49:51</subfield>
      <subfield code="u">ZB</subfield>
      <subfield code="w">ZB</subfield>
    </datafield>
    <datafield tag="H52" ind1="8" ind2=" ">
      <subfield code="b">UB_BI</subfield>
      <subfield code="c">18_Mono</subfield>
      <subfield code="h">QI410 M5G2A[7(8)</subfield>
      <subfield code="8">22104203290006442</subfield>
    </datafield>
    <datafield tag="HOL" ind1=" " ind2=" ">
      <subfield code="b">2020-11-22 18:11:58</subfield>
      <subfield code="8">22104203290006442</subfield>
      <subfield code="M">49HBZ_BIE</subfield>
      <subfield code="g">false</subfield>
      <subfield code="a">import</subfield>
    </datafield>
    <datafield tag="H52" ind1="8" ind2=" ">
      <subfield code="b">UB_BI</subfield>
      <subfield code="c">18_Mono</subfield>
      <subfield code="h">QI410 M5G2A[1(8)</subfield>
      <subfield code="8">22104203310006442</subfield>
    </datafield>
    <datafield tag="HOL" ind1=" " ind2=" ">
      <subfield code="b">2020-11-22 18:11:58</subfield>
      <subfield code="8">22104203310006442</subfield>
      <subfield code="M">49HBZ_BIE</subfield>
      <subfield code="g">false</subfield>
      <subfield code="a">import</subfield>
    </datafield>
    <datafield tag="H52" ind1="8" ind2=" ">
      <subfield code="b">UB_BI</subfield>
      <subfield code="c">18_Mono</subfield>
      <subfield code="h">QI410 M5G2A[9(8)</subfield>
      <subfield code="8">22104203270006442</subfield>
    </datafield>
    <datafield tag="HOL" ind1=" " ind2=" ">
      <subfield code="b">2020-11-22 18:11:58</subfield>
      <subfield code="8">22104203270006442</subfield>
      <subfield code="M">49HBZ_BIE</subfield>
      <subfield code="g">false</subfield>
      <subfield code="a">import</subfield>
    </datafield>
    <datafield tag="H52" ind1="8" ind2=" ">
      <subfield code="b">UB_BI</subfield>
      <subfield code="c">18_Mono</subfield>
      <subfield code="h">QI410 M5G2A[R,1(8)</subfield>
      <subfield code="8">22104203210006442</subfield>
    </datafield>
    <datafield tag="HOL" ind1=" " ind2=" ">
      <subfield code="b">2020-11-22 18:11:58</subfield>
      <subfield code="8">22104203210006442</subfield>
      <subfield code="M">49HBZ_BIE</subfield>
      <subfield code="g">false</subfield>
      <subfield code="a">import</subfield>
    </datafield>
    <datafield tag="H52" ind1="8" ind2=" ">
      <subfield code="b">UB_BI</subfield>
      <subfield code="c">18_Mono</subfield>
      <subfield code="h">QI410 M5G2A[10(8)</subfield>
      <subfield code="8">22104203230006442</subfield>
    </datafield>
    <datafield tag="HOL" ind1=" " ind2=" ">
      <subfield code="b">2020-11-22 18:11:58</subfield>
      <subfield code="8">22104203230006442</subfield>
      <subfield code="M">49HBZ_BIE</subfield>
      <subfield code="g">false</subfield>
      <subfield code="a">import</subfield>
    </datafield>
    <datafield tag="H52" ind1="8" ind2=" ">
      <subfield code="b">UB_BI</subfield>
      <subfield code="c">18_Mono</subfield>
      <subfield code="h">QI410 M5G2A[8(8)</subfield>
      <subfield code="8">22104203250006442</subfield>
    </datafield>
    <datafield tag="HOL" ind1=" " ind2=" ">
      <subfield code="b">2020-11-22 18:11:58</subfield>
      <subfield code="8">22104203250006442</subfield>
      <subfield code="M">49HBZ_BIE</subfield>
      <subfield code="g">false</subfield>
      <subfield code="a">import</subfield>
    </datafield>
    <datafield tag="H52" ind1="8" ind2=" ">
      <subfield code="b">UB_BI</subfield>
      <subfield code="c">18_Mono</subfield>
      <subfield code="h">QI410 M5G2A[6(8)</subfield>
      <subfield code="8">22104203410006442</subfield>
    </datafield>
    <datafield tag="HOL" ind1=" " ind2=" ">
      <subfield code="b">2020-11-22 18:11:58</subfield>
      <subfield code="8">22104203410006442</subfield>
      <subfield code="M">49HBZ_BIE</subfield>
      <subfield code="g">false</subfield>
      <subfield code="a">import</subfield>
    </datafield>
    <datafield tag="H52" ind1="8" ind2=" ">
      <subfield code="b">UB_BI</subfield>
      <subfield code="c">18_Mono</subfield>
      <subfield code="h">QI410 M5G2A[2(8)</subfield>
      <subfield code="8">22104203330006442</subfield>
    </datafield>
    <datafield tag="HOL" ind1=" " ind2=" ">
      <subfield code="b">2020-11-22 18:11:58</subfield>
      <subfield code="8">22104203330006442</subfield>
      <subfield code="M">49HBZ_BIE</subfield>
      <subfield code="g">false</subfield>
      <subfield code="a">import</subfield>
    </datafield>
    <datafield tag="H52" ind1="8" ind2=" ">
      <subfield code="b">UB_BI</subfield>
      <subfield code="c">18_Mono</subfield>
      <subfield code="h">QI410 M5G2A[3(8)</subfield>
      <subfield code="8">22104203350006442</subfield>
    </datafield>
    <datafield tag="HOL" ind1=" " ind2=" ">
      <subfield code="b">2020-11-22 18:11:58</subfield>
      <subfield code="8">22104203350006442</subfield>
      <subfield code="M">49HBZ_BIE</subfield>
      <subfield code="g">false</subfield>
      <subfield code="a">import</subfield>
    </datafield>
    <datafield tag="H52" ind1="8" ind2=" ">
      <subfield code="b">UB_BI</subfield>
      <subfield code="c">18_Mono</subfield>
      <subfield code="h">QI410 M5G2A[4(8)</subfield>
      <subfield code="8">22104203370006442</subfield>
    </datafield>
    <datafield tag="HOL" ind1=" " ind2=" ">
      <subfield code="b">2020-11-22 18:11:58</subfield>
      <subfield code="8">22104203370006442</subfield>
      <subfield code="M">49HBZ_BIE</subfield>
      <subfield code="g">false</subfield>
      <subfield code="a">import</subfield>
    </datafield>
    <datafield tag="H52" ind1="8" ind2=" ">
      <subfield code="b">UB_BI</subfield>
      <subfield code="c">18_Mono</subfield>
      <subfield code="h">QI410 M5G2A[5(8)</subfield>
      <subfield code="8">22104203390006442</subfield>
    </datafield>
    <datafield tag="HOL" ind1=" " ind2=" ">
      <subfield code="b">2020-11-22 18:11:58</subfield>
      <subfield code="8">22104203390006442</subfield>
      <subfield code="M">49HBZ_BIE</subfield>
      <subfield code="g">false</subfield>
      <subfield code="a">import</subfield>
    </datafield>
    <datafield tag="ITM" ind1=" " ind2=" ">
      <subfield code="H">22104203290006442</subfield>
      <subfield code="x">18_Mono</subfield>
      <subfield code="f">BOOK</subfield>
      <subfield code="v">18_Mono</subfield>
      <subfield code="p">item_00</subfield>
      <subfield code="X">System</subfield>
      <subfield code="U">2020-11-22 10:59:00</subfield>
      <subfield code="Y">2020-11-22 18:12:30</subfield>
      <subfield code="h">false</subfield>
      <subfield code="J">FootNoteExt: Ordner 7</subfield>
      <subfield code="M">49HBZ_BIE</subfield>
      <subfield code="s">1</subfield>
      <subfield code="d">8</subfield>
      <subfield code="V">import</subfield>
      <subfield code="L">Abteilung/Standort: 18 | SISIS-Magazindrucker: 0 | HBZ01: HT002117916 | Keine Beilagen: 1</subfield>
      <subfield code="b">180/1577808+01</subfield>
      <subfield code="O">SISIS-Ausleihz&#xE4;hler vorletztes Migrationsjahr: 0 | SISIS-Vormerkz&#xE4;hler Migrationsjahr: 0 | SISIS-Buchdaten-Aufnahmedatum: 2002-01-28</subfield>
      <subfield code="N">Fernleihkonditionen: 3 | Sigel: 361 | Klassifikation: 18_Mono | Altersbegrenzung: 0 | SISIS-Ausleihz&#xE4;hler Migrationsjahr: 0 | SISIS-Ausleihz&#xE4;hler Vor-Migrationsjahr: 0</subfield>
      <subfield code="a">23104203280006442</subfield>
      <subfield code="c">QI410 M5G2A[7(8)</subfield>
      <subfield code="W">2020-11-22 18:11:58</subfield>
      <subfield code="u">UB_BI</subfield>
      <subfield code="w">UB_BI</subfield>
    </datafield>
    <datafield tag="ITM" ind1=" " ind2=" ">
      <subfield code="H">22104203230006442</subfield>
      <subfield code="x">18_Mono</subfield>
      <subfield code="f">BOOK</subfield>
      <subfield code="v">18_Mono</subfield>
      <subfield code="p">item_00</subfield>
      <subfield code="X">System</subfield>
      <subfield code="U">2020-11-22 10:59:00</subfield>
      <subfield code="Y">2020-12-01 16:56:16</subfield>
      <subfield code="h">false</subfield>
      <subfield code="J">FootNoteExt: Ordner 10</subfield>
      <subfield code="M">49HBZ_BIE</subfield>
      <subfield code="s">0</subfield>
      <subfield code="d">8</subfield>
      <subfield code="V">import</subfield>
      <subfield code="L">Abteilung/Standort: 18 | SISIS-Magazindrucker: 0 | HBZ01: HT002117916 | Keine Beilagen: 1</subfield>
      <subfield code="b">180/3018412+01</subfield>
      <subfield code="O">SISIS-Ausleihz&#xE4;hler vorletztes Migrationsjahr: 0 | SISIS-Vormerkz&#xE4;hler Migrationsjahr: 0 | SISIS-Buchdaten-Aufnahmedatum: 2002-01-28</subfield>
      <subfield code="N">Fernleihkonditionen: 3 | Sigel: 361 | Klassifikation: 18_Mono | Altersbegrenzung: 0 | SISIS-Ausleihz&#xE4;hler Migrationsjahr: 0 | SISIS-Ausleihz&#xE4;hler Vor-Migrationsjahr: 0</subfield>
      <subfield code="a">23104203220006442</subfield>
      <subfield code="c">QI410 M5G2A[10(8)</subfield>
      <subfield code="r">LOAN</subfield>
      <subfield code="W">2020-11-22 18:11:58</subfield>
      <subfield code="u">UB_BI</subfield>
      <subfield code="w">UB_BI</subfield>
    </datafield>
    <datafield tag="ITM" ind1=" " ind2=" ">
      <subfield code="H">22104203270006442</subfield>
      <subfield code="x">18_Mono</subfield>
      <subfield code="f">BOOK</subfield>
      <subfield code="v">18_Mono</subfield>
      <subfield code="p">item_00</subfield>
      <subfield code="X">System</subfield>
      <subfield code="U">2020-11-22 10:59:00</subfield>
      <subfield code="Y">2020-12-01 16:56:16</subfield>
      <subfield code="h">false</subfield>
      <subfield code="J">FootNoteExt: Ordner 9</subfield>
      <subfield code="M">49HBZ_BIE</subfield>
      <subfield code="s">0</subfield>
      <subfield code="d">8</subfield>
      <subfield code="V">import</subfield>
      <subfield code="L">Abteilung/Standort: 18 | SISIS-Magazindrucker: 0 | HBZ01: HT002117916 | Keine Beilagen: 1</subfield>
      <subfield code="b">180/3018443+01</subfield>
      <subfield code="O">SISIS-Ausleihz&#xE4;hler vorletztes Migrationsjahr: 0 | SISIS-Vormerkz&#xE4;hler Migrationsjahr: 0 | SISIS-Buchdaten-Aufnahmedatum: 2002-01-28</subfield>
      <subfield code="N">Fernleihkonditionen: 3 | Sigel: 361 | Klassifikation: 18_Mono | Altersbegrenzung: 0 | SISIS-Ausleihz&#xE4;hler Migrationsjahr: 0 | SISIS-Ausleihz&#xE4;hler Vor-Migrationsjahr: 0</subfield>
      <subfield code="a">23104203260006442</subfield>
      <subfield code="c">QI410 M5G2A[9(8)</subfield>
      <subfield code="r">LOAN</subfield>
      <subfield code="W">2020-11-22 18:11:58</subfield>
      <subfield code="u">UB_BI</subfield>
      <subfield code="w">UB_BI</subfield>
    </datafield>
    <datafield tag="ITM" ind1=" " ind2=" ">
      <subfield code="H">22104203210006442</subfield>
      <subfield code="x">18_Mono</subfield>
      <subfield code="f">BOOK</subfield>
      <subfield code="v">18_Mono</subfield>
      <subfield code="p">item_00</subfield>
      <subfield code="X">System</subfield>
      <subfield code="U">2020-11-22 10:59:00</subfield>
      <subfield code="Y">2020-11-22 18:12:30</subfield>
      <subfield code="h">false</subfield>
      <subfield code="J">FootNoteExt: Ordner R,1</subfield>
      <subfield code="M">49HBZ_BIE</subfield>
      <subfield code="s">1</subfield>
      <subfield code="d">8</subfield>
      <subfield code="V">import</subfield>
      <subfield code="L">Abteilung/Standort: 18 | SISIS-Magazindrucker: 0 | HBZ01: HT002117916 | Keine Beilagen: 1</subfield>
      <subfield code="b">180/3018380+01</subfield>
      <subfield code="O">SISIS-Ausleihz&#xE4;hler vorletztes Migrationsjahr: 0 | SISIS-Vormerkz&#xE4;hler Migrationsjahr: 0 | SISIS-Buchdaten-Aufnahmedatum: 2002-01-28</subfield>
      <subfield code="N">Fernleihkonditionen: 3 | Sigel: 361 | Klassifikation: 18_Mono | Altersbegrenzung: 0 | SISIS-Ausleihz&#xE4;hler Migrationsjahr: 0 | SISIS-Ausleihz&#xE4;hler Vor-Migrationsjahr: 0</subfield>
      <subfield code="a">23104203200006442</subfield>
      <subfield code="c">QI410 M5G2A[R,1(8)</subfield>
      <subfield code="W">2020-11-22 18:11:58</subfield>
      <subfield code="u">UB_BI</subfield>
      <subfield code="w">UB_BI</subfield>
    </datafield>
    <datafield tag="ITM" ind1=" " ind2=" ">
      <subfield code="H">22104203250006442</subfield>
      <subfield code="x">18_Mono</subfield>
      <subfield code="f">BOOK</subfield>
      <subfield code="v">18_Mono</subfield>
      <subfield code="p">item_00</subfield>
      <subfield code="X">System</subfield>
      <subfield code="U">2020-11-22 10:59:00</subfield>
      <subfield code="Y">2020-11-22 18:12:30</subfield>
      <subfield code="h">false</subfield>
      <subfield code="J">FootNoteExt: Ordner 8</subfield>
      <subfield code="M">49HBZ_BIE</subfield>
      <subfield code="s">1</subfield>
      <subfield code="d">8</subfield>
      <subfield code="V">import</subfield>
      <subfield code="L">Abteilung/Standort: 18 | SISIS-Magazindrucker: 0 | HBZ01: HT002117916 | Keine Beilagen: 1</subfield>
      <subfield code="b">180/3018444+01</subfield>
      <subfield code="O">SISIS-Ausleihz&#xE4;hler vorletztes Migrationsjahr: 0 | SISIS-Vormerkz&#xE4;hler Migrationsjahr: 0 | SISIS-Buchdaten-Aufnahmedatum: 2002-01-28</subfield>
      <subfield code="N">Fernleihkonditionen: 3 | Sigel: 361 | Klassifikation: 18_Mono | Altersbegrenzung: 0 | SISIS-Ausleihz&#xE4;hler Migrationsjahr: 0 | SISIS-Ausleihz&#xE4;hler Vor-Migrationsjahr: 0</subfield>
      <subfield code="a">23104203240006442</subfield>
      <subfield code="c">QI410 M5G2A[8(8)</subfield>
      <subfield code="W">2020-11-22 18:11:58</subfield>
      <subfield code="u">UB_BI</subfield>
      <subfield code="w">UB_BI</subfield>
    </datafield>
    <datafield tag="ITM" ind1=" " ind2=" ">
      <subfield code="H">22104203410006442</subfield>
      <subfield code="x">18_Mono</subfield>
      <subfield code="f">BOOK</subfield>
      <subfield code="v">18_Mono</subfield>
      <subfield code="p">item_00</subfield>
      <subfield code="X">System</subfield>
      <subfield code="U">2020-11-22 10:59:00</subfield>
      <subfield code="Y">2020-11-22 18:12:30</subfield>
      <subfield code="h">false</subfield>
      <subfield code="J">FootNoteExt: Ordner 6</subfield>
      <subfield code="M">49HBZ_BIE</subfield>
      <subfield code="s">1</subfield>
      <subfield code="d">8</subfield>
      <subfield code="V">import</subfield>
      <subfield code="L">Abteilung/Standort: 18 | SISIS-Magazindrucker: 0 | HBZ01: HT002117916 | Keine Beilagen: 1</subfield>
      <subfield code="b">180/1439479+01</subfield>
      <subfield code="O">SISIS-Ausleihz&#xE4;hler vorletztes Migrationsjahr: 0 | SISIS-Vormerkz&#xE4;hler Migrationsjahr: 0 | SISIS-Buchdaten-Aufnahmedatum: 2002-01-28</subfield>
      <subfield code="N">Fernleihkonditionen: 3 | Sigel: 361 | Klassifikation: 18_Mono | Altersbegrenzung: 0 | SISIS-Ausleihz&#xE4;hler Migrationsjahr: 0 | SISIS-Ausleihz&#xE4;hler Vor-Migrationsjahr: 0</subfield>
      <subfield code="a">23104203400006442</subfield>
      <subfield code="c">QI410 M5G2A[6(8)</subfield>
      <subfield code="W">2020-11-22 18:11:58</subfield>
      <subfield code="u">UB_BI</subfield>
      <subfield code="w">UB_BI</subfield>
    </datafield>
    <datafield tag="ITM" ind1=" " ind2=" ">
      <subfield code="H">22104203310006442</subfield>
      <subfield code="x">18_Mono</subfield>
      <subfield code="f">BOOK</subfield>
      <subfield code="v">18_Mono</subfield>
      <subfield code="p">item_00</subfield>
      <subfield code="X">System</subfield>
      <subfield code="U">2020-11-22 10:59:00</subfield>
      <subfield code="Y">2020-11-22 18:12:30</subfield>
      <subfield code="h">false</subfield>
      <subfield code="J">FootNoteExt: Ordner 1</subfield>
      <subfield code="M">49HBZ_BIE</subfield>
      <subfield code="s">1</subfield>
      <subfield code="d">8</subfield>
      <subfield code="V">import</subfield>
      <subfield code="L">Abteilung/Standort: 18 | SISIS-Magazindrucker: 0 | HBZ01: HT002117916 | Keine Beilagen: 1</subfield>
      <subfield code="b">180/1439484+01</subfield>
      <subfield code="O">SISIS-Ausleihz&#xE4;hler vorletztes Migrationsjahr: 0 | SISIS-Vormerkz&#xE4;hler Migrationsjahr: 0 | SISIS-Buchdaten-Aufnahmedatum: 2002-01-28</subfield>
      <subfield code="N">Fernleihkonditionen: 3 | Sigel: 361 | Klassifikation: 18_Mono | Altersbegrenzung: 0 | SISIS-Ausleihz&#xE4;hler Migrationsjahr: 0 | SISIS-Ausleihz&#xE4;hler Vor-Migrationsjahr: 0</subfield>
      <subfield code="a">23104203300006442</subfield>
      <subfield code="c">QI410 M5G2A[1(8)</subfield>
      <subfield code="W">2020-11-22 18:11:58</subfield>
      <subfield code="u">UB_BI</subfield>
      <subfield code="w">UB_BI</subfield>
    </datafield>
    <datafield tag="ITM" ind1=" " ind2=" ">
      <subfield code="H">22104203330006442</subfield>
      <subfield code="x">18_Mono</subfield>
      <subfield code="f">BOOK</subfield>
      <subfield code="v">18_Mono</subfield>
      <subfield code="p">item_00</subfield>
      <subfield code="X">System</subfield>
      <subfield code="U">2020-11-22 10:59:00</subfield>
      <subfield code="Y">2020-11-22 18:12:30</subfield>
      <subfield code="h">false</subfield>
      <subfield code="J">FootNoteExt: Ordner 2</subfield>
      <subfield code="M">49HBZ_BIE</subfield>
      <subfield code="s">1</subfield>
      <subfield code="d">8</subfield>
      <subfield code="V">import</subfield>
      <subfield code="L">Abteilung/Standort: 18 | SISIS-Magazindrucker: 0 | HBZ01: HT002117916 | Keine Beilagen: 1</subfield>
      <subfield code="b">180/1439483+01</subfield>
      <subfield code="O">SISIS-Ausleihz&#xE4;hler vorletztes Migrationsjahr: 0 | SISIS-Vormerkz&#xE4;hler Migrationsjahr: 0 | SISIS-Buchdaten-Aufnahmedatum: 2002-01-28</subfield>
      <subfield code="N">Fernleihkonditionen: 3 | Sigel: 361 | Klassifikation: 18_Mono | Altersbegrenzung: 0 | SISIS-Ausleihz&#xE4;hler Migrationsjahr: 0 | SISIS-Ausleihz&#xE4;hler Vor-Migrationsjahr: 0</subfield>
      <subfield code="a">23104203320006442</subfield>
      <subfield code="c">QI410 M5G2A[2(8)</subfield>
      <subfield code="W">2020-11-22 18:11:58</subfield>
      <subfield code="u">UB_BI</subfield>
      <subfield code="w">UB_BI</subfield>
    </datafield>
    <datafield tag="ITM" ind1=" " ind2=" ">
      <subfield code="H">22104203350006442</subfield>
      <subfield code="x">18_Mono</subfield>
      <subfield code="f">BOOK</subfield>
      <subfield code="v">18_Mono</subfield>
      <subfield code="p">item_00</subfield>
      <subfield code="X">System</subfield>
      <subfield code="U">2020-11-22 10:59:00</subfield>
      <subfield code="Y">2020-11-22 18:12:30</subfield>
      <subfield code="h">false</subfield>
      <subfield code="J">FootNoteExt: Ordner 3</subfield>
      <subfield code="M">49HBZ_BIE</subfield>
      <subfield code="s">1</subfield>
      <subfield code="d">8</subfield>
      <subfield code="V">import</subfield>
      <subfield code="L">Abteilung/Standort: 18 | SISIS-Magazindrucker: 0 | HBZ01: HT002117916 | Keine Beilagen: 1</subfield>
      <subfield code="b">180/1439482+01</subfield>
      <subfield code="O">SISIS-Ausleihz&#xE4;hler vorletztes Migrationsjahr: 0 | SISIS-Vormerkz&#xE4;hler Migrationsjahr: 0 | SISIS-Buchdaten-Aufnahmedatum: 2002-01-28</subfield>
      <subfield code="N">Fernleihkonditionen: 3 | Sigel: 361 | Klassifikation: 18_Mono | Altersbegrenzung: 0 | SISIS-Ausleihz&#xE4;hler Migrationsjahr: 0 | SISIS-Ausleihz&#xE4;hler Vor-Migrationsjahr: 0</subfield>
      <subfield code="a">23104203340006442</subfield>
      <subfield code="c">QI410 M5G2A[3(8)</subfield>
      <subfield code="W">2020-11-22 18:11:58</subfield>
      <subfield code="u">UB_BI</subfield>
      <subfield code="w">UB_BI</subfield>
    </datafield>
    <datafield tag="ITM" ind1=" " ind2=" ">
      <subfield code="H">22104203370006442</subfield>
      <subfield code="x">18_Mono</subfield>
      <subfield code="f">BOOK</subfield>
      <subfield code="v">18_Mono</subfield>
      <subfield code="p">item_00</subfield>
      <subfield code="X">System</subfield>
      <subfield code="U">2020-11-22 10:59:00</subfield>
      <subfield code="Y">2020-11-22 18:12:30</subfield>
      <subfield code="h">false</subfield>
      <subfield code="J">FootNoteExt: Ordner 4</subfield>
      <subfield code="M">49HBZ_BIE</subfield>
      <subfield code="s">1</subfield>
      <subfield code="d">8</subfield>
      <subfield code="V">import</subfield>
      <subfield code="L">Abteilung/Standort: 18 | SISIS-Magazindrucker: 0 | HBZ01: HT002117916 | Keine Beilagen: 1</subfield>
      <subfield code="b">180/1439481+01</subfield>
      <subfield code="O">SISIS-Ausleihz&#xE4;hler vorletztes Migrationsjahr: 0 | SISIS-Vormerkz&#xE4;hler Migrationsjahr: 0 | SISIS-Buchdaten-Aufnahmedatum: 2002-01-28</subfield>
      <subfield code="N">Fernleihkonditionen: 3 | Sigel: 361 | Klassifikation: 18_Mono | Altersbegrenzung: 0 | SISIS-Ausleihz&#xE4;hler Migrationsjahr: 0 | SISIS-Ausleihz&#xE4;hler Vor-Migrationsjahr: 0</subfield>
      <subfield code="a">23104203360006442</subfield>
      <subfield code="c">QI410 M5G2A[4(8)</subfield>
      <subfield code="W">2020-11-22 18:11:58</subfield>
      <subfield code="u">UB_BI</subfield>
      <subfield code="w">UB_BI</subfield>
    </datafield>
    <datafield tag="ITM" ind1=" " ind2=" ">
      <subfield code="H">22104203390006442</subfield>
      <subfield code="x">18_Mono</subfield>
      <subfield code="f">BOOK</subfield>
      <subfield code="v">18_Mono</subfield>
      <subfield code="p">item_00</subfield>
      <subfield code="X">System</subfield>
      <subfield code="U">2020-11-22 10:59:00</subfield>
      <subfield code="Y">2020-11-22 18:12:30</subfield>
      <subfield code="h">false</subfield>
      <subfield code="J">FootNoteExt: Ordner 5</subfield>
      <subfield code="M">49HBZ_BIE</subfield>
      <subfield code="s">1</subfield>
      <subfield code="d">8</subfield>
      <subfield code="V">import</subfield>
      <subfield code="L">Abteilung/Standort: 18 | SISIS-Magazindrucker: 0 | HBZ01: HT002117916 | Keine Beilagen: 1</subfield>
      <subfield code="b">180/1439480+01</subfield>
      <subfield code="O">SISIS-Ausleihz&#xE4;hler vorletztes Migrationsjahr: 0 | SISIS-Vormerkz&#xE4;hler Migrationsjahr: 0 | SISIS-Buchdaten-Aufnahmedatum: 2002-01-28</subfield>
      <subfield code="N">Fernleihkonditionen: 3 | Sigel: 361 | Klassifikation: 18_Mono | Altersbegrenzung: 0 | SISIS-Ausleihz&#xE4;hler Migrationsjahr: 0 | SISIS-Ausleihz&#xE4;hler Vor-Migrationsjahr: 0</subfield>
      <subfield code="a">23104203380006442</subfield>
      <subfield code="c">QI410 M5G2A[5(8)</subfield>
      <subfield code="W">2020-11-22 18:11:58</subfield>
      <subfield code="u">UB_BI</subfield>
      <subfield code="w">UB_BI</subfield>
    </datafield>
    <datafield tag="H52" ind1="8" ind2="1">
      <subfield code="b">E0001</subfield>
      <subfield code="z">Diskette nicht vorhanden,CD " Wegweiser zur Schutzstufe nach GefStoffV" nicht vorhanden</subfield>
      <subfield code="c">UNASSIGNED</subfield>
      <subfield code="8">22190661990006446</subfield>
    </datafield>
    <datafield tag="HOL" ind1=" " ind2=" ">
      <subfield code="b">2020-11-17 20:28:05</subfield>
      <subfield code="8">22190661990006446</subfield>
      <subfield code="M">49HBZ_UDE</subfield>
      <subfield code="g">false</subfield>
      <subfield code="a">import</subfield>
    </datafield>
    <datafield tag="H52" ind1="8" ind2=" ">
      <subfield code="b">E0001</subfield>
      <subfield code="c">E30</subfield>
      <subfield code="h">UNSB1331</subfield>
      <subfield code="8">22190662010006446</subfield>
    </datafield>
    <datafield tag="HOL" ind1=" " ind2=" ">
      <subfield code="b">2020-11-17 20:28:05</subfield>
      <subfield code="8">22190662010006446</subfield>
      <subfield code="M">49HBZ_UDE</subfield>
      <subfield code="g">false</subfield>
      <subfield code="a">import</subfield>
    </datafield>
    <datafield tag="ITM" ind1=" " ind2=" ">
      <subfield code="H">22190662010006446</subfield>
      <subfield code="x">E30</subfield>
      <subfield code="f">LOOSELEAF</subfield>
      <subfield code="v">E30</subfield>
      <subfield code="p">52</subfield>
      <subfield code="X">System</subfield>
      <subfield code="U">1997-04-30 10:59:00</subfield>
      <subfield code="Y">2020-11-17 20:29:05</subfield>
      <subfield code="h">false</subfield>
      <subfield code="n">UNSB1331</subfield>
      <subfield code="i">1</subfield>
      <subfield code="M">49HBZ_UDE</subfield>
      <subfield code="s">1</subfield>
      <subfield code="d">8</subfield>
      <subfield code="V">import</subfield>
      <subfield code="b">UNSB1331</subfield>
      <subfield code="a">23190662000006446</subfield>
      <subfield code="c">UNSB1331</subfield>
      <subfield code="S">LBA-4</subfield>
      <subfield code="K">Achtung! CD-Beilage</subfield>
      <subfield code="W">2020-11-17 20:28:05</subfield>
      <subfield code="u">E0001</subfield>
      <subfield code="w">E0001</subfield>
    </datafield>
    <datafield tag="GSI" ind1="7" ind2=" ">
      <subfield code="a">http://d-nb.info/gnd/4113678-0</subfield>
      <subfield code="2">uri</subfield>
      <subfield code="A">GND</subfield>
      <subfield code="B">GND-041136780</subfield>
      <subfield code="C">024</subfield>
    </datafield>
    <datafield tag="GSI" ind1="7" ind2=" ">
      <subfield code="a">http://d-nb.info/gnd/4011882-4</subfield>
      <subfield code="2">uri</subfield>
      <subfield code="A">GND</subfield>
      <subfield code="B">GND-040118827</subfield>
      <subfield code="C">024</subfield>
    </datafield>
    <datafield tag="GGN" ind1=" " ind2=" ">
      <subfield code="a">Deutsche La&#x308;nder</subfield>
      <subfield code="9">v:als Sammelbezeichnung fu&#x308;r die RVK</subfield>
      <subfield code="A">GND</subfield>
      <subfield code="B">GND-040118827</subfield>
      <subfield code="C">451</subfield>
    </datafield>
    <datafield tag="GGN" ind1=" " ind2=" ">
      <subfield code="a">Germany</subfield>
      <subfield code="g">Deutschland</subfield>
      <subfield code="A">GND</subfield>
      <subfield code="B">GND-040118827</subfield>
      <subfield code="C">451</subfield>
    </datafield>
    <datafield tag="GGN" ind1=" " ind2=" ">
      <subfield code="a">Heiliges Ro&#x308;misches Reich</subfield>
      <subfield code="4">naaf</subfield>
      <subfield code="4">http://d-nb.info/standards/elementset/gnd#variantName</subfield>
      <subfield code="w">r</subfield>
      <subfield code="i">Alte Ansetzungsform</subfield>
      <subfield code="A">GND</subfield>
      <subfield code="B">GND-040118827</subfield>
      <subfield code="C">451</subfield>
    </datafield>
    <datafield tag="GGN" ind1=" " ind2=" ">
      <subfield code="a">Rheinbund</subfield>
      <subfield code="4">naaf</subfield>
      <subfield code="4">http://d-nb.info/standards/elementset/gnd#variantName</subfield>
      <subfield code="w">r</subfield>
      <subfield code="i">Alte Ansetzungsform</subfield>
      <subfield code="A">GND</subfield>
      <subfield code="B">GND-040118827</subfield>
      <subfield code="C">451</subfield>
    </datafield>
    <datafield tag="GGN" ind1=" " ind2=" ">
      <subfield code="a">Deutscher Bund</subfield>
      <subfield code="4">naaf</subfield>
      <subfield code="4">http://d-nb.info/standards/elementset/gnd#variantName</subfield>
      <subfield code="w">r</subfield>
      <subfield code="i">Alte Ansetzungsform</subfield>
      <subfield code="A">GND</subfield>
      <subfield code="B">GND-040118827</subfield>
      <subfield code="C">451</subfield>
    </datafield>
    <datafield tag="GGN" ind1=" " ind2=" ">
      <subfield code="a">Norddeutscher Bund</subfield>
      <subfield code="4">naaf</subfield>
      <subfield code="4">http://d-nb.info/standards/elementset/gnd#variantName</subfield>
      <subfield code="w">r</subfield>
      <subfield code="i">Alte Ansetzungsform</subfield>
      <subfield code="A">GND</subfield>
      <subfield code="B">GND-040118827</subfield>
      <subfield code="C">451</subfield>
    </datafield>
    <datafield tag="GGN" ind1=" " ind2=" ">
      <subfield code="a">Deutsches Reich</subfield>
      <subfield code="4">naaf</subfield>
      <subfield code="4">http://d-nb.info/standards/elementset/gnd#variantName</subfield>
      <subfield code="w">r</subfield>
      <subfield code="i">Alte Ansetzungsform</subfield>
      <subfield code="A">GND</subfield>
      <subfield code="B">GND-040118827</subfield>
      <subfield code="C">451</subfield>
    </datafield>
    <datafield tag="GGN" ind1=" " ind2=" ">
      <subfield code="a">Deutschland</subfield>
      <subfield code="g">Gebiet unter Alliierter Besatzung</subfield>
      <subfield code="4">naaf</subfield>
      <subfield code="4">http://d-nb.info/standards/elementset/gnd#variantName</subfield>
      <subfield code="w">r</subfield>
      <subfield code="i">Alte Ansetzungsform</subfield>
      <subfield code="A">GND</subfield>
      <subfield code="B">GND-040118827</subfield>
      <subfield code="C">451</subfield>
    </datafield>
    <datafield tag="GGN" ind1=" " ind2=" ">
      <subfield code="a">Deutschland</subfield>
      <subfield code="g">Bundesrepublik, 1990-</subfield>
      <subfield code="A">GND</subfield>
      <subfield code="B">GND-040118827</subfield>
      <subfield code="C">451</subfield>
    </datafield>
    <datafield tag="GGN" ind1=" " ind2=" ">
      <subfield code="a">BRD</subfield>
      <subfield code="g">1990-</subfield>
      <subfield code="A">GND</subfield>
      <subfield code="B">GND-040118827</subfield>
      <subfield code="C">451</subfield>
    </datafield>
    <datafield tag="GGN" ind1=" " ind2=" ">
      <subfield code="a">Federal Republic of Germany</subfield>
      <subfield code="g">Deutschland</subfield>
      <subfield code="A">GND</subfield>
      <subfield code="B">GND-040118827</subfield>
      <subfield code="C">451</subfield>
    </datafield>
    <datafield tag="GGN" ind1=" " ind2=" ">
      <subfield code="a">Republic of Germany</subfield>
      <subfield code="g">Deutschland</subfield>
      <subfield code="A">GND</subfield>
      <subfield code="B">GND-040118827</subfield>
      <subfield code="C">451</subfield>
    </datafield>
    <datafield tag="GGN" ind1=" " ind2=" ">
      <subfield code="a">Allemagne</subfield>
      <subfield code="g">Deutschland</subfield>
      <subfield code="A">GND</subfield>
      <subfield code="B">GND-040118827</subfield>
      <subfield code="C">451</subfield>
    </datafield>
    <datafield tag="GGN" ind1=" " ind2=" ">
      <subfield code="a">G&#x30C;umhu&#x304;ri&#x304;yat Alma&#x304;niya&#x304; al-Ittih&#x323;a&#x304;di&#x304;ya</subfield>
      <subfield code="A">GND</subfield>
      <subfield code="B">GND-040118827</subfield>
      <subfield code="C">451</subfield>
    </datafield>
    <datafield tag="GGN" ind1=" " ind2=" ">
      <subfield code="a">Bundesrepublik Deutschland</subfield>
      <subfield code="g">1990-</subfield>
      <subfield code="A">GND</subfield>
      <subfield code="B">GND-040118827</subfield>
      <subfield code="C">451</subfield>
    </datafield>
    <datafield tag="GGN" ind1=" " ind2=" ">
      <subfield code="a">BRD</subfield>
      <subfield code="4">abku</subfield>
      <subfield code="4">http://d-nb.info/standards/elementset/gnd#abbreviatedNameForThePlaceOrGeographicName</subfield>
      <subfield code="w">r</subfield>
      <subfield code="i">Abkuerzung</subfield>
      <subfield code="A">GND</subfield>
      <subfield code="B">GND-040118827</subfield>
      <subfield code="C">451</subfield>
    </datafield>
    <datafield tag="GGN" ind1=" " ind2=" ">
      <subfield code="a">Niemcy</subfield>
      <subfield code="A">GND</subfield>
      <subfield code="B">GND-040118827</subfield>
      <subfield code="C">451</subfield>
    </datafield>
    <datafield tag="GGN" ind1=" " ind2=" ">
      <subfield code="a">Re&#x301;publique Fe&#x301;de&#x301;rale d'Allemagne</subfield>
      <subfield code="g">Deutschland</subfield>
      <subfield code="A">GND</subfield>
      <subfield code="B">GND-040118827</subfield>
      <subfield code="C">451</subfield>
    </datafield>
    <datafield tag="GGN" ind1=" " ind2=" ">
      <subfield code="a">Repubblica Federale di Germania</subfield>
      <subfield code="g">Deutschland</subfield>
      <subfield code="A">GND</subfield>
      <subfield code="B">GND-040118827</subfield>
      <subfield code="C">451</subfield>
    </datafield>
    <datafield tag="GGN" ind1=" " ind2=" ">
      <subfield code="a">Germanija</subfield>
      <subfield code="A">GND</subfield>
      <subfield code="B">GND-040118827</subfield>
      <subfield code="C">451</subfield>
    </datafield>
    <datafield tag="GGN" ind1=" " ind2=" ">
      <subfield code="a">Federativnaja Respublika Germanija</subfield>
      <subfield code="A">GND</subfield>
      <subfield code="B">GND-040118827</subfield>
      <subfield code="C">451</subfield>
    </datafield>
    <datafield tag="GGN" ind1=" " ind2=" ">
      <subfield code="a">FRG</subfield>
      <subfield code="4">abku</subfield>
      <subfield code="4">http://d-nb.info/standards/elementset/gnd#abbreviatedNameForThePlaceOrGeographicName</subfield>
      <subfield code="w">r</subfield>
      <subfield code="i">Abkuerzung</subfield>
      <subfield code="A">GND</subfield>
      <subfield code="B">GND-040118827</subfield>
      <subfield code="C">451</subfield>
    </datafield>
    <datafield tag="GGN" ind1=" " ind2=" ">
      <subfield code="a">Deyizhi-Lianbang-Gongheguo</subfield>
      <subfield code="A">GND</subfield>
      <subfield code="B">GND-040118827</subfield>
      <subfield code="C">451</subfield>
    </datafield>
    <datafield tag="GPN" ind1="1" ind2=" ">
      <subfield code="a">Birett, K.</subfield>
      <subfield code="A">GND</subfield>
      <subfield code="B">GND-109185706</subfield>
      <subfield code="C">400</subfield>
    </datafield>
    <datafield tag="GPN" ind1="0" ind2=" ">
      <subfield code="a">Birett</subfield>
      <subfield code="A">GND</subfield>
      <subfield code="B">GND-109185706</subfield>
      <subfield code="C">400</subfield>
    </datafield>
    <datafield tag="GSI" ind1="7" ind2=" ">
      <subfield code="a">109185706</subfield>
      <subfield code="0">http://d-nb.info/gnd/109185706</subfield>
      <subfield code="2">gnd</subfield>
      <subfield code="A">GND</subfield>
      <subfield code="B">GND-109185706</subfield>
      <subfield code="C">024</subfield>
    </datafield>
  </record>