
  <record>
    <leader>04536cam#a2200541#c#4500</leader>
    <controlfield tag="005">20210109142358.0</controlfield>
    <controlfield tag="007">tu</controlfield>
    <controlfield tag="008">180712|2017####gw############|||#|#ger#c</controlfield>
    <controlfield tag="001">990225508660206441</controlfield>
    <datafield tag="016" ind1="7" ind2=" ">
      <subfield code="a">963838529</subfield>
      <subfield code="2">OCoLC</subfield>
    </datafield>
    <datafield tag="016" ind1="7" ind2=" ">
      <subfield code="a">1120042453</subfield>
      <subfield code="2">DE-101b</subfield>
    </datafield>
    <datafield tag="020" ind1=" " ind2=" ">
      <subfield code="a">9783811101180</subfield>
      <subfield code="c">Broschur</subfield>
      <subfield code="9">978-3-8111-0118-0</subfield>
      <subfield code="0">(uri) http://www.isbnsearch.org/isbn/9783811101180</subfield>
    </datafield>
    <datafield tag="035" ind1=" " ind2=" ">
      <subfield code="a">(DE-605)HT019743301</subfield>
    </datafield>
    <datafield tag="035" ind1=" " ind2=" ">
      <subfield code="a">(ELiSA)ELiSA-9783811101180</subfield>
    </datafield>
    <datafield tag="035" ind1=" " ind2=" ">
      <subfield code="a">(OCoLC)963838529</subfield>
      <subfield code="0">(uri) http://www.worldcat.org/oclc/963838529</subfield>
    </datafield>
    <datafield tag="035" ind1=" " ind2=" ">
      <subfield code="a">(DE-599)DNB1120042453</subfield>
    </datafield>
    <datafield tag="040" ind1=" " ind2=" ">
      <subfield code="b">ger</subfield>
      <subfield code="c">HBZ/BA</subfield>
      <subfield code="d">A 96</subfield>
      <subfield code="e">rda</subfield>
    </datafield>
    <datafield tag="041" ind1=" " ind2=" ">
      <subfield code="a">ger</subfield>
    </datafield>
    <datafield tag="044" ind1=" " ind2=" ">
      <subfield code="c">XA-DE-BY</subfield>
    </datafield>
    <datafield tag="084" ind1=" " ind2=" ">
      <subfield code="a">ZI 3970</subfield>
      <subfield code="2">rvk</subfield>
    </datafield>
    <datafield tag="090" ind1=" " ind2=" ">
      <subfield code="a">b</subfield>
    </datafield>
    <datafield tag="100" ind1="1" ind2=" ">
      <subfield code="a">Derler, Petra</subfield>
      <subfield code="0">(DE-588)115793771</subfield>
      <subfield code="4">aut</subfield>
      <subfield code="0">(uri) https://portal.dnb.de/opac.htm?method=simpleSearch&amp;cqlMode=true&amp;query=idn=115793771</subfield>
      <subfield code="0">(uri) http://viaf.org/viaf/sourceID/DNB|115793771</subfield>
      <subfield code="B">GND-115793771</subfield>
    </datafield>
    <datafield tag="245" ind1="1" ind2="0">
      <subfield code="a">Ma&#xDF;toleranzen im Baualltag</subfield>
      <subfield code="b">sicherer Umgang mit der DIN 18202 : mit gewerkespezifischen Regeln f&#xFC;r den Roh- und Ausbau auf dem Stand VOB 2016</subfield>
      <subfield code="c">Petra Derler</subfield>
    </datafield>
    <datafield tag="264" ind1=" " ind2="1">
      <subfield code="a">Kissing</subfield>
      <subfield code="b">Weka Media</subfield>
      <subfield code="c">[2017]</subfield>
    </datafield>
    <datafield tag="264" ind1=" " ind2="4">
      <subfield code="c">&#xA9; 2017</subfield>
    </datafield>
    <datafield tag="300" ind1=" " ind2=" ">
      <subfield code="a">348 Seiten</subfield>
      <subfield code="b">Illustrationen, Diagramme</subfield>
      <subfield code="c">21 cm</subfield>
      <subfield code="e">CD-ROM (12 cm)</subfield>
    </datafield>
    <datafield tag="336" ind1=" " ind2=" ">
      <subfield code="b">txt</subfield>
    </datafield>
    <datafield tag="337" ind1=" " ind2=" ">
      <subfield code="b">n</subfield>
    </datafield>
    <datafield tag="338" ind1=" " ind2=" ">
      <subfield code="b">nc</subfield>
    </datafield>
    <datafield tag="490" ind1="0" ind2=" ">
      <subfield code="a">Praxisl&#xF6;sungen</subfield>
    </datafield>
    <datafield tag="500" ind1=" " ind2=" ">
      <subfield code="a">CD-ROM: Titel-Nr.: CD8198-2003</subfield>
      <subfield code="9">F:501</subfield>
    </datafield>
    <datafield tag="520" ind1=" " ind2=" ">
      <subfield code="a">Ohne Probleme halten Sie die zul&#xE4;ssigen Ma&#xDF;toleranzen ein. Sie sorgen f&#xFC;r einen reibungslosen Bauablauf ohne Nachbesserungen oder Minderungen. Die Toleranznorm DIN 18202 rechtssicher auslegen und Haftungsf&#xE4;lle vermeiden!Am Anfang eines jeden Bauvorhabens werden die Abmessungen und die Lage von Bauwerken und -teilen geplant. Auf dem langen Weg zum fertigen Geb&#xE4;ude drohen jedoch h&#xE4;ufig Abweichungen. Daf&#xFC;r gibt es zahlreiche Gr&#xFC;nde: Messungenauigkeiten, Fehler bei der Fertigung oder beim Einbau sowie &#xE4;u&#xDF;ere Einfl&#xFC;sse wie z.B. Temperatur, Feuchtigkeit oder Lasteinwirkung.Ma&#xDF;toleranzen sind f&#xFC;r Architekten und Ingenieure enorm wichtig, denn sie bilden und definieren den Korridorzwischen normgerechtem Bauen und Baumangel. Bis zu welchem Grad sind Abweichungen zu tolerieren? Aufwelche Regelwerke k&#xF6;nnen sich Architekten und Ingenieure berufen? Wie k&#xF6;nnen sie ein Geb&#xE4;ude so planen und bauen, dass die zul&#xE4;ssigen Abweichungen eingehalten und nicht &#xFC;berschritten werden? Wo liegen die Ursachen f&#xFC;r Abweichungen? Die &#xFC;berarbeitete Neuauflage des Fachbuchs &#x201E;Ma&#xDF;toleranzen im Baualltag&#x201C; liefert das n&#xF6;tige Know-how f&#xFC;r das normgerechte Bauen bei Ma&#xDF;abweichungen. Mit diesem Wissen lassen sich die bestehenden Normen rechtssicher interpretieren und teure Haftungsf&#xE4;lle somit vermeiden.Im Zentrum der Betrachtung steht dabei zum einen die DIN 18202, zum anderen die vielen weiteren Normen und Regelungen, die zu beachten sind. Ber&#xFC;cksichtigt sind dabei auch die &#xC4;nderungen der VOB 2016. Die gewerkebezogene Darstellung erleichtert das schnelle Finden der einschl&#xE4;gigen Regelungen. Die beiliegende CD-ROM enth&#xE4;lt eine Sammlung aktueller Schadensf&#xE4;lle zu allen neuralgischen Punkten eines Geb&#xE4;udes: Verbindungsbauteile, Fassade, Fugen, Rohbau, Baugrund etc. Hierbei wird auch der baurechtliche Hintergrund analysiert. Sie sch&#xFC;tzen sich vor teuren Haftungsanspr&#xFC;chen und Mangelbeseitigungskosten.</subfield>
    </datafield>
    <datafield tag="520" ind1=" " ind2=" ">
      <subfield code="a">Mithilfe von wertvollen Praxishinweisen zum ma&#xDF;gerechten Planen und Bauen nach DIN 18202 wissen Sie stets, worauf Sie achten m&#xFC;ssen. Sie haben hieb- und stichfeste Argumente f&#xFC;r jedes Gewerk: &#xDC;bersichten f&#xFC;r alle Gewerke des Roh- und Ausbaus zeigen, welche Ma&#xDF;toleranzen in den einzelnen Gewerken zu ber&#xFC;cksichtigen sind. Alle aktuellen Normen einschlie&#xDF;lich VOB 2016 sind ber&#xFC;cksichtigt. Schadensf&#xE4;lle inkl.</subfield>
    </datafield>
    <datafield tag="650" ind1=" " ind2="4">
      <subfield code="a">Ma&#xDF;toleranzen</subfield>
    </datafield>
    <datafield tag="650" ind1=" " ind2="4">
      <subfield code="a">DIN18202</subfield>
    </datafield>
    <datafield tag="650" ind1=" " ind2="4">
      <subfield code="a">Ma&#xDF;toleranzenRohbau</subfield>
    </datafield>
    <datafield tag="650" ind1=" " ind2="4">
      <subfield code="a">Ma&#xDF;toleranzenAusbau</subfield>
    </datafield>
    <datafield tag="653" ind1=" " ind2=" ">
      <subfield code="a">Konstruktiver Ingenieurbau, Baustatik</subfield>
    </datafield>
    <datafield tag="653" ind1=" " ind2=" ">
      <subfield code="a">Normen (Bauingenieurwesen</subfield>
    </datafield>
    <datafield tag="653" ind1=" " ind2=" ">
      <subfield code="a">Gestaltung, Darstellung, Bautechnik</subfield>
    </datafield>
    <datafield tag="689" ind1="0" ind2="0">
      <subfield code="a">DIN 18202</subfield>
      <subfield code="D">u</subfield>
      <subfield code="0">(DE-588)4587376-8</subfield>
      <subfield code="0">(uri) https://portal.dnb.de/opac.htm?method=simpleSearch&amp;cqlMode=true&amp;query=idn=958860882</subfield>
      <subfield code="0">(uri) http://viaf.org/viaf/sourceID/DNB|958860882</subfield>
      <subfield code="B">GND-958860882</subfield>
    </datafield>
    <datafield tag="689" ind1="0" ind2="1">
      <subfield code="a">Rohbau</subfield>
      <subfield code="D">s</subfield>
      <subfield code="0">(DE-588)4178345-1</subfield>
      <subfield code="0">(uri) https://portal.dnb.de/opac.htm?method=simpleSearch&amp;cqlMode=true&amp;query=idn=04178345X</subfield>
      <subfield code="0">(uri) http://viaf.org/viaf/sourceID/DNB|04178345X</subfield>
      <subfield code="B">GND-04178345X</subfield>
    </datafield>
    <datafield tag="689" ind1="0" ind2="2">
      <subfield code="a">Ausbau</subfield>
      <subfield code="g">Bauwesen</subfield>
      <subfield code="D">s</subfield>
      <subfield code="0">(DE-588)4003672-8</subfield>
      <subfield code="0">(uri) https://portal.dnb.de/opac.htm?method=simpleSearch&amp;cqlMode=true&amp;query=idn=040036723</subfield>
      <subfield code="0">(uri) http://viaf.org/viaf/sourceID/DNB|040036723</subfield>
      <subfield code="B">GND-040036723</subfield>
    </datafield>
    <datafield tag="856" ind1=" " ind2=" ">
      <subfield code="u">http://bvbr.bib-bvb.de:8991/F?func=service&amp;doc_library=BVB01&amp;local_base=BVB01&amp;doc_number=029315686&amp;sequence=000001&amp;line_number=0001&amp;func_code=DB_RECORDS&amp;service_type=MEDIA</subfield>
      <subfield code="z">Inhaltsverzeichnis</subfield>
    </datafield>
    <datafield tag="856" ind1="4" ind2="2">
      <subfield code="m">B:DE-101</subfield>
      <subfield code="q">application/pdf</subfield>
      <subfield code="u">http://digitale-objekte.hbz-nrw.de/storage2/2019/05/01/file_98/8419987.pdf</subfield>
      <subfield code="3">Inhaltsverzeichnis</subfield>
      <subfield code="9">O:PKN</subfield>
    </datafield>
    <datafield tag="964" ind1="0" ind2="s">
      <subfield code="F">030</subfield>
      <subfield code="A">a||ur||||||17</subfield>
    </datafield>
    <datafield tag="964" ind1="0" ind2="s">
      <subfield code="F">050</subfield>
      <subfield code="A">a|b|||||||||||</subfield>
    </datafield>
    <datafield tag="964" ind1="0" ind2="s">
      <subfield code="F">051</subfield>
      <subfield code="A">m|||||||</subfield>
    </datafield>
    <datafield tag="MBD" ind1=" " ind2=" ">
      <subfield code="M">49HBZ_NETWORK</subfield>
      <subfield code="i">990225508660206441</subfield>
      <subfield code="n">HBZ Network</subfield>
    </datafield>
    <datafield tag="MBD" ind1=" " ind2=" ">
      <subfield code="M">49HBZ_FHA</subfield>
      <subfield code="i">991002764539706444</subfield>
      <subfield code="n">Fachhochschule Aachen</subfield>
    </datafield>
    <datafield tag="020" ind1=" " ind2=" ">
      <subfield code="a">9783811101180</subfield>
      <subfield code="c">Broschur</subfield>
      <subfield code="9">978-3-8111-0118-0</subfield>
      <subfield code="M">49HBZ_FHA</subfield>
    </datafield>
    <datafield tag="500" ind1=" " ind2=" ">
      <subfield code="a">CD-ROM: Titel-Nr.: CD8198-2003</subfield>
      <subfield code="9">F:501</subfield>
      <subfield code="M">49HBZ_FHA</subfield>
    </datafield>
    <datafield tag="856" ind1="4" ind2="2">
      <subfield code="m">B:DE-101</subfield>
      <subfield code="q">application/pdf</subfield>
      <subfield code="u">http://digitale-objekte.hbz-nrw.de/storage2/2019/05/01/file_98/8419987.pdf</subfield>
      <subfield code="3">Inhaltsverzeichnis</subfield>
      <subfield code="9">O:PKN</subfield>
      <subfield code="M">49HBZ_FHA</subfield>
    </datafield>
    <datafield tag="980" ind1="1" ind2=" ">
      <subfield code="e">HBZ</subfield>
      <subfield code="9">LOCAL</subfield>
      <subfield code="M">49HBZ_FHA</subfield>
    </datafield>
    <datafield tag="981" ind1=" " ind2=" ">
      <subfield code="a">(A96)803462</subfield>
      <subfield code="9">LOCAL</subfield>
      <subfield code="M">49HBZ_FHA</subfield>
    </datafield>
    <datafield tag="982" ind1=" " ind2=" ">
      <subfield code="b">Ma&#xDF;toleranzen</subfield>
      <subfield code="2">unaufgegliedert</subfield>
      <subfield code="9">LOCAL</subfield>
      <subfield code="M">49HBZ_FHA</subfield>
    </datafield>
    <datafield tag="982" ind1=" " ind2=" ">
      <subfield code="b">DIN18202</subfield>
      <subfield code="2">unaufgegliedert</subfield>
      <subfield code="9">LOCAL</subfield>
      <subfield code="M">49HBZ_FHA</subfield>
    </datafield>
    <datafield tag="982" ind1=" " ind2=" ">
      <subfield code="a">Ma&#xDF;toleranzenRohbau</subfield>
      <subfield code="2">unaufgegliedert</subfield>
      <subfield code="9">LOCAL</subfield>
      <subfield code="M">49HBZ_FHA</subfield>
    </datafield>
    <datafield tag="982" ind1=" " ind2=" ">
      <subfield code="a">Ma&#xDF;toleranzenAusbau</subfield>
      <subfield code="2">unaufgegliedert</subfield>
      <subfield code="9">LOCAL</subfield>
      <subfield code="M">49HBZ_FHA</subfield>
    </datafield>
    <datafield tag="983" ind1=" " ind2=" ">
      <subfield code="b">XBT</subfield>
      <subfield code="9">LOCAL</subfield>
      <subfield code="M">49HBZ_FHA</subfield>
    </datafield>
    <datafield tag="989" ind1=" " ind2=" ">
      <subfield code="a">neu1807</subfield>
      <subfield code="9">LOCAL</subfield>
      <subfield code="M">49HBZ_FHA</subfield>
    </datafield>
    <datafield tag="997" ind1=" " ind2=" ">
      <subfield code="a">20180712</subfield>
      <subfield code="9">LOCAL</subfield>
      <subfield code="M">49HBZ_FHA</subfield>
    </datafield>
    <datafield tag="MNG" ind1=" " ind2=" ">
      <subfield code="c">System</subfield>
      <subfield code="f">ILS</subfield>
      <subfield code="i">marc21</subfield>
      <subfield code="k">01</subfield>
      <subfield code="e">false</subfield>
      <subfield code="d">2021-01-09 14:23:58 Europe/Berlin</subfield>
      <subfield code="g">022550866-HBZ01</subfield>
      <subfield code="j">60</subfield>
      <subfield code="a">import</subfield>
      <subfield code="b">2020-11-23 01:11:51 Europe/Berlin</subfield>
    </datafield>
    <datafield tag="H52" ind1="8" ind2=" ">
      <subfield code="b">BAY</subfield>
      <subfield code="c">BAY_Frei</subfield>
      <subfield code="h">11 XBT 11(2017)</subfield>
      <subfield code="8">2246674610006444</subfield>
    </datafield>
    <datafield tag="HOL" ind1=" " ind2=" ">
      <subfield code="b">2020-11-30 20:15:01</subfield>
      <subfield code="8">2246674610006444</subfield>
      <subfield code="M">49HBZ_FHA</subfield>
      <subfield code="g">false</subfield>
      <subfield code="a">import</subfield>
    </datafield>
    <datafield tag="ITM" ind1=" " ind2=" ">
      <subfield code="H">2246674610006444</subfield>
      <subfield code="x">BAY_Frei</subfield>
      <subfield code="f">BOOK</subfield>
      <subfield code="v">BAY_Frei</subfield>
      <subfield code="X">System</subfield>
      <subfield code="U">2020-11-30 10:59:00</subfield>
      <subfield code="Y">2020-11-30 20:15:26</subfield>
      <subfield code="h">false</subfield>
      <subfield code="P">ClassificationNo: 2752</subfield>
      <subfield code="G">1</subfield>
      <subfield code="Q">Fernleihkonditionen: 0</subfield>
      <subfield code="M">49HBZ_FHA</subfield>
      <subfield code="s">1</subfield>
      <subfield code="d">8</subfield>
      <subfield code="V">import</subfield>
      <subfield code="b">11 XBT 11(2017)+1</subfield>
      <subfield code="O">SISIS-Ausleihz&#xE4;hler Migrationsjahr: 0 | SISIS-Ausleihz&#xE4;hler Vor-Migrationsjahr: 0 | SISIS-Ausleihz&#xE4;hler vorletztes Migrationsjahr: 2 | SISIS-Vormerkz&#xE4;hler Migrationsjahr: 0 | SISIS-vorletztes R&#xFC;ckgabedatum: 2018-07-26</subfield>
      <subfield code="N">SISIS-Buchdaten-Aufnahmedatum: 2018-07-25 | Altersbegrenzung: 0</subfield>
      <subfield code="a">2346674580006444</subfield>
      <subfield code="c">11 XBT 11(2017)</subfield>
      <subfield code="B">18-2511</subfield>
      <subfield code="W">2020-11-30 20:15:01</subfield>
      <subfield code="u">BAY</subfield>
      <subfield code="w">BAY</subfield>
    </datafield>
    <datafield tag="ITM" ind1=" " ind2=" ">
      <subfield code="H">2246674610006444</subfield>
      <subfield code="x">BAY_Frei</subfield>
      <subfield code="f">BOOK</subfield>
      <subfield code="v">BAY_Frei</subfield>
      <subfield code="X">System</subfield>
      <subfield code="U">2020-11-30 10:59:00</subfield>
      <subfield code="Y">2021-01-12 01:48:05</subfield>
      <subfield code="h">false</subfield>
      <subfield code="P">ClassificationNo: 2752</subfield>
      <subfield code="G">1</subfield>
      <subfield code="Q">Fernleihkonditionen: 0</subfield>
      <subfield code="M">49HBZ_FHA</subfield>
      <subfield code="s">0</subfield>
      <subfield code="d">8</subfield>
      <subfield code="V">import</subfield>
      <subfield code="b">11 XBT 11(2017)</subfield>
      <subfield code="O">SISIS-Ausleihz&#xE4;hler Migrationsjahr: 0 | SISIS-Ausleihz&#xE4;hler Vor-Migrationsjahr: 3 | SISIS-Ausleihz&#xE4;hler vorletztes Migrationsjahr: 2 | SISIS-Vormerkz&#xE4;hler Migrationsjahr: 0 | SISIS-vorletztes R&#xFC;ckgabedatum: 2019-05-25</subfield>
      <subfield code="N">SISIS-Buchdaten-Aufnahmedatum: 2018-07-25 | Altersbegrenzung: 0</subfield>
      <subfield code="a">2346674590006444</subfield>
      <subfield code="c">11 XBT 11(2017)</subfield>
      <subfield code="r">LOST_LOAN</subfield>
      <subfield code="B">18-2511</subfield>
      <subfield code="W">2020-11-30 20:15:01</subfield>
      <subfield code="u">BAY</subfield>
      <subfield code="w">BAY</subfield>
    </datafield>
    <datafield tag="GSI" ind1="7" ind2=" ">
      <subfield code="a">http://d-nb.info/gnd/4003672-8</subfield>
      <subfield code="2">uri</subfield>
      <subfield code="A">GND</subfield>
      <subfield code="B">GND-040036723</subfield>
      <subfield code="C">024</subfield>
    </datafield>
    <datafield tag="GSI" ind1="7" ind2=" ">
      <subfield code="a">http://d-nb.info/gnd/4178345-1</subfield>
      <subfield code="2">uri</subfield>
      <subfield code="A">GND</subfield>
      <subfield code="B">GND-04178345X</subfield>
      <subfield code="C">024</subfield>
    </datafield>
    <datafield tag="GSI" ind1="7" ind2=" ">
      <subfield code="a">http://d-nb.info/gnd/4587376-8</subfield>
      <subfield code="2">uri</subfield>
      <subfield code="A">GND</subfield>
      <subfield code="B">GND-958860882</subfield>
      <subfield code="C">024</subfield>
    </datafield>
    <datafield tag="GSI" ind1="7" ind2=" ">
      <subfield code="a">http://d-nb.info/gnd/115793771</subfield>
      <subfield code="2">uri</subfield>
      <subfield code="A">GND</subfield>
      <subfield code="B">GND-115793771</subfield>
      <subfield code="C">024</subfield>
    </datafield>
  </record>