
  <record>
    <leader>01276nai#a2200409#ca4500</leader>
    <controlfield tag="005">20210109185512.0</controlfield>
    <controlfield tag="007">td</controlfield>
    <controlfield tag="008">990615|########gw##|#l#######|####|ger#c</controlfield>
    <controlfield tag="001">990047610350206441</controlfield>
    <datafield tag="016" ind1="7" ind2=" ">
      <subfield code="a">1067353326</subfield>
      <subfield code="2">OCoLC</subfield>
    </datafield>
    <datafield tag="035" ind1=" " ind2=" ">
      <subfield code="a">(DE-605)HT000011758</subfield>
    </datafield>
    <datafield tag="035" ind1=" " ind2=" ">
      <subfield code="a">(OCoLC)1067353326</subfield>
      <subfield code="0">(uri) http://www.worldcat.org/oclc/1067353326</subfield>
    </datafield>
    <datafield tag="035" ind1=" " ind2=" ">
      <subfield code="a">(DE-599)HBZHT000011758</subfield>
    </datafield>
    <datafield tag="040" ind1=" " ind2=" ">
      <subfield code="a">82</subfield>
      <subfield code="b">ger</subfield>
      <subfield code="d">468</subfield>
      <subfield code="e">rakwb</subfield>
    </datafield>
    <datafield tag="041" ind1=" " ind2=" ">
      <subfield code="a">ger</subfield>
    </datafield>
    <datafield tag="044" ind1=" " ind2=" ">
      <subfield code="c">XA-DE</subfield>
    </datafield>
    <datafield tag="084" ind1=" " ind2=" ">
      <subfield code="a">ZI 3850</subfield>
      <subfield code="2">rvk</subfield>
    </datafield>
    <datafield tag="084" ind1=" " ind2=" ">
      <subfield code="a">PD 4760</subfield>
      <subfield code="2">rvk</subfield>
    </datafield>
    <datafield tag="084" ind1=" " ind2=" ">
      <subfield code="a">ZH 2250</subfield>
      <subfield code="2">rvk</subfield>
    </datafield>
    <datafield tag="084" ind1=" " ind2=" ">
      <subfield code="a">ZH 2450</subfield>
      <subfield code="2">rvk</subfield>
    </datafield>
    <datafield tag="084" ind1=" " ind2=" ">
      <subfield code="a">ZH 3900</subfield>
      <subfield code="2">rvk</subfield>
    </datafield>
    <datafield tag="084" ind1=" " ind2=" ">
      <subfield code="a">ZH 3950</subfield>
      <subfield code="2">rvk</subfield>
    </datafield>
    <datafield tag="084" ind1=" " ind2=" ">
      <subfield code="a">ZI 3700</subfield>
      <subfield code="2">rvk</subfield>
    </datafield>
    <datafield tag="245" ind1="0" ind2="0">
      <subfield code="a">Arbeitszeit-Richtwerte Hochbau</subfield>
      <subfield code="b">ARH</subfield>
      <subfield code="c">Zentralverband des Deutschen Baugewerbes ...</subfield>
    </datafield>
    <datafield tag="246" ind1="3" ind2=" ">
      <subfield code="a">ARH</subfield>
    </datafield>
    <datafield tag="264" ind1="3" ind2="1">
      <subfield code="a">Neu-Isenburg</subfield>
      <subfield code="b">Zeittechnik-Verl.</subfield>
    </datafield>
    <datafield tag="300" ind1=" " ind2=" ">
      <subfield code="a">Losebl.-Ausg.</subfield>
    </datafield>
    <datafield tag="500" ind1=" " ind2=" ">
      <subfield code="a">Verl.-Ort anfangs: Dreieich</subfield>
      <subfield code="9">F:511</subfield>
    </datafield>
    <datafield tag="655" ind1=" " ind2="7">
      <subfield code="a">Datensammlung</subfield>
      <subfield code="0">(DE-588)4148875-1</subfield>
      <subfield code="2">gnd-content</subfield>
    </datafield>
    <datafield tag="689" ind1="0" ind2="0">
      <subfield code="a">Hochbau</subfield>
      <subfield code="D">s</subfield>
      <subfield code="0">(DE-588)4025188-3</subfield>
      <subfield code="0">(uri) https://portal.dnb.de/opac.htm?method=simpleSearch&amp;cqlMode=true&amp;query=idn=040251888</subfield>
      <subfield code="0">(uri) http://viaf.org/viaf/sourceID/DNB|040251888</subfield>
      <subfield code="B">GND-040251888</subfield>
    </datafield>
    <datafield tag="689" ind1="0" ind2="1">
      <subfield code="a">Sollzeit</subfield>
      <subfield code="D">s</subfield>
      <subfield code="0">(DE-588)4139140-8</subfield>
      <subfield code="0">(uri) https://portal.dnb.de/opac.htm?method=simpleSearch&amp;cqlMode=true&amp;query=idn=041391403</subfield>
      <subfield code="0">(uri) http://viaf.org/viaf/sourceID/DNB|041391403</subfield>
      <subfield code="B">GND-041391403</subfield>
    </datafield>
    <datafield tag="689" ind1="0" ind2="2">
      <subfield code="a">Richtwert</subfield>
      <subfield code="D">s</subfield>
      <subfield code="0">(DE-588)4178106-5</subfield>
      <subfield code="0">(uri) https://portal.dnb.de/opac.htm?method=simpleSearch&amp;cqlMode=true&amp;query=idn=041781066</subfield>
      <subfield code="0">(uri) http://viaf.org/viaf/sourceID/DNB|041781066</subfield>
      <subfield code="B">GND-041781066</subfield>
    </datafield>
    <datafield tag="710" ind1="2" ind2=" ">
      <subfield code="a">Zentralverband Deutsches Baugewerbe</subfield>
      <subfield code="0">(DE-588)9563-1</subfield>
      <subfield code="4">oth</subfield>
      <subfield code="0">(uri) https://portal.dnb.de/opac.htm?method=simpleSearch&amp;cqlMode=true&amp;query=idn=00009563X</subfield>
      <subfield code="0">(uri) http://viaf.org/viaf/sourceID/DNB|00009563X</subfield>
      <subfield code="B">GND-00009563X</subfield>
    </datafield>
    <datafield tag="772" ind1="0" ind2="8">
      <subfield code="i">Erg&#xE4;nzungshefte u.d.T.</subfield>
      <subfield code="t">Handbuch Arbeitsorganisation Bau</subfield>
    </datafield>
    <datafield tag="964" ind1="0" ind2="s">
      <subfield code="F">030</subfield>
      <subfield code="A">a|1uc||||||37</subfield>
    </datafield>
    <datafield tag="964" ind1="0" ind2="s">
      <subfield code="F">050</subfield>
      <subfield code="A">a|||||||||||||</subfield>
    </datafield>
    <datafield tag="964" ind1="0" ind2="s">
      <subfield code="F">051</subfield>
      <subfield code="A">no||||||</subfield>
    </datafield>
    <datafield tag="MBD" ind1=" " ind2=" ">
      <subfield code="M">49HBZ_NETWORK</subfield>
      <subfield code="i">990047610350206441</subfield>
      <subfield code="n">HBZ Network</subfield>
    </datafield>
    <datafield tag="MBD" ind1=" " ind2=" ">
      <subfield code="M">49HBZ_WUP</subfield>
      <subfield code="i">990015375310206447</subfield>
      <subfield code="n">Bergische Universit&#xE4;t Wuppertal</subfield>
    </datafield>
    <datafield tag="500" ind1=" " ind2=" ">
      <subfield code="a">Verl.-Ort anfangs: Dreieich</subfield>
      <subfield code="9">F:511</subfield>
      <subfield code="M">49HBZ_WUP</subfield>
    </datafield>
    <datafield tag="983" ind1=" " ind2=" ">
      <subfield code="b">QCJ</subfield>
      <subfield code="9">LOCAL</subfield>
      <subfield code="M">49HBZ_WUP</subfield>
    </datafield>
    <datafield tag="983" ind1=" " ind2=" ">
      <subfield code="b">XBS</subfield>
      <subfield code="9">LOCAL</subfield>
      <subfield code="M">49HBZ_WUP</subfield>
    </datafield>
    <datafield tag="MBD" ind1=" " ind2=" ">
      <subfield code="M">49HBZ_FHA</subfield>
      <subfield code="i">991001257929706444</subfield>
      <subfield code="n">Fachhochschule Aachen</subfield>
    </datafield>
    <datafield tag="500" ind1=" " ind2=" ">
      <subfield code="a">Verl.-Ort anfangs: Dreieich</subfield>
      <subfield code="9">F:511</subfield>
      <subfield code="M">49HBZ_FHA</subfield>
    </datafield>
    <datafield tag="980" ind1="1" ind2=" ">
      <subfield code="e">HBZ</subfield>
      <subfield code="9">LOCAL</subfield>
      <subfield code="M">49HBZ_FHA</subfield>
    </datafield>
    <datafield tag="981" ind1=" " ind2=" ">
      <subfield code="a">(A96)166528</subfield>
      <subfield code="9">LOCAL</subfield>
      <subfield code="M">49HBZ_FHA</subfield>
    </datafield>
    <datafield tag="991" ind1=" " ind2=" ">
      <subfield code="a">Pr</subfield>
      <subfield code="9">LOCAL</subfield>
      <subfield code="M">49HBZ_FHA</subfield>
    </datafield>
    <datafield tag="997" ind1=" " ind2=" ">
      <subfield code="a">19981120</subfield>
      <subfield code="9">LOCAL</subfield>
      <subfield code="M">49HBZ_FHA</subfield>
    </datafield>
    <datafield tag="MBD" ind1=" " ind2=" ">
      <subfield code="M">49HBZ_UDE</subfield>
      <subfield code="i">990015267230206446</subfield>
      <subfield code="n">Universit&#xE4;t Duisburg-Essen</subfield>
    </datafield>
    <datafield tag="500" ind1=" " ind2=" ">
      <subfield code="a">Verl.-Ort anfangs: Dreieich</subfield>
      <subfield code="9">F:511</subfield>
      <subfield code="M">49HBZ_UDE</subfield>
    </datafield>
    <datafield tag="983" ind1=" " ind2=" ">
      <subfield code="b">XBR</subfield>
      <subfield code="9">LOCAL</subfield>
      <subfield code="M">49HBZ_UDE</subfield>
    </datafield>
    <datafield tag="MNG" ind1=" " ind2=" ">
      <subfield code="c">System</subfield>
      <subfield code="f">ILS</subfield>
      <subfield code="i">marc21</subfield>
      <subfield code="k">01</subfield>
      <subfield code="e">false</subfield>
      <subfield code="d">2021-01-09 18:55:12 Europe/Berlin</subfield>
      <subfield code="g">004761035-HBZ01</subfield>
      <subfield code="j">60</subfield>
      <subfield code="a">import</subfield>
      <subfield code="b">2020-11-22 18:49:03 Europe/Berlin</subfield>
    </datafield>
    <datafield tag="H52" ind1=" " ind2=" ">
      <subfield code="b">W0001</subfield>
      <subfield code="c">80</subfield>
      <subfield code="h"/>
      <subfield code="8">2275751490006447</subfield>
    </datafield>
    <datafield tag="HOL" ind1=" " ind2=" ">
      <subfield code="b">2020-11-19 11:42:16</subfield>
      <subfield code="8">2275751490006447</subfield>
      <subfield code="M">49HBZ_WUP</subfield>
      <subfield code="g">false</subfield>
      <subfield code="a">import</subfield>
    </datafield>
    <datafield tag="ITM" ind1=" " ind2=" ">
      <subfield code="H">2275751490006447</subfield>
      <subfield code="x">80</subfield>
      <subfield code="f">LOOSELEAF</subfield>
      <subfield code="v">80</subfield>
      <subfield code="p">12</subfield>
      <subfield code="X">System</subfield>
      <subfield code="U">2018-10-08 10:59:00</subfield>
      <subfield code="Y">2020-12-03 10:17:13</subfield>
      <subfield code="h">false</subfield>
      <subfield code="J">Nicht zur Fortsetzung bestellt. - Bestand: Grundwerk bis einschlie&#xDF;lich der Erg.-Lieferungen von 2016</subfield>
      <subfield code="n">QCJ6376</subfield>
      <subfield code="M">49HBZ_WUP</subfield>
      <subfield code="s">0</subfield>
      <subfield code="d">#</subfield>
      <subfield code="V">import</subfield>
      <subfield code="b">W00274892</subfield>
      <subfield code="O">Process Status: AA</subfield>
      <subfield code="a">2375751480006447</subfield>
      <subfield code="t">8</subfield>
      <subfield code="R">Maintenance count: 001</subfield>
      <subfield code="r">LOAN</subfield>
      <subfield code="S">M2018-5869</subfield>
      <subfield code="B">2018/11340</subfield>
      <subfield code="D">20180814</subfield>
      <subfield code="W">2020-11-19 11:42:16</subfield>
      <subfield code="u">W0001</subfield>
      <subfield code="w">W0001</subfield>
    </datafield>
    <datafield tag="H52" ind1="8" ind2=" ">
      <subfield code="b">E0001</subfield>
      <subfield code="c">E31</subfield>
      <subfield code="h">XBR66</subfield>
      <subfield code="8">22187349120006446</subfield>
    </datafield>
    <datafield tag="HOL" ind1=" " ind2=" ">
      <subfield code="b">2020-11-17 20:19:25</subfield>
      <subfield code="8">22187349120006446</subfield>
      <subfield code="M">49HBZ_UDE</subfield>
      <subfield code="g">false</subfield>
      <subfield code="a">import</subfield>
    </datafield>
    <datafield tag="H52" ind1="8" ind2="1">
      <subfield code="b">E0001</subfield>
      <subfield code="z">Enth&#xE4;lt: Erdarbeiten (o.J.). - Konventionelle Schalung und Gro&#xDF;fl&#xE4;chenschalung (3., vollkommen &#xFC;berarb. Aufl. 1999). - Rahmenschalung, W&#xE4;nde (o.J.). - Elementdecken (2002). - Bewehrungsarbeiten (3., vollkommen &#xFC;berarb. Aufl. 2001). - Betonarbeiten (4., erg. Aufl. 2006). - Mauerarbeiten mit kleinformatigen Steinen (3., vollkommen &#xFC;berarb. Aufl. 1999). - Mauerarbeiten mit gro&#xDF;formatigen Steinen (5., &#xFC;berarb. und erg. Aufl. 2004)</subfield>
      <subfield code="c">UNASSIGNED</subfield>
      <subfield code="8">22187349060006446</subfield>
    </datafield>
    <datafield tag="HOL" ind1=" " ind2=" ">
      <subfield code="b">2020-11-17 20:19:25</subfield>
      <subfield code="8">22187349060006446</subfield>
      <subfield code="M">49HBZ_UDE</subfield>
      <subfield code="g">false</subfield>
      <subfield code="a">import</subfield>
    </datafield>
    <datafield tag="ITM" ind1=" " ind2=" ">
      <subfield code="H">22187349120006446</subfield>
      <subfield code="x">EHA</subfield>
      <subfield code="f">BOOK</subfield>
      <subfield code="v">E31</subfield>
      <subfield code="p">45</subfield>
      <subfield code="X">System</subfield>
      <subfield code="U">2007-05-03 10:59:00</subfield>
      <subfield code="Y">2021-01-21 11:16:00</subfield>
      <subfield code="h">false</subfield>
      <subfield code="J">wird nicht aktualisiert</subfield>
      <subfield code="n">XBR66</subfield>
      <subfield code="P">22///</subfield>
      <subfield code="M">49HBZ_UDE</subfield>
      <subfield code="s">0</subfield>
      <subfield code="d">8</subfield>
      <subfield code="V">import</subfield>
      <subfield code="b">E00631784</subfield>
      <subfield code="a">23187349100006446</subfield>
      <subfield code="c">XBR66</subfield>
      <subfield code="r">LOAN</subfield>
      <subfield code="S">MB-07-2844</subfield>
      <subfield code="B">07/4027</subfield>
      <subfield code="D">20070503</subfield>
      <subfield code="W">2020-11-17 20:19:25</subfield>
      <subfield code="u">E0001</subfield>
      <subfield code="w">E0001</subfield>
    </datafield>
    <datafield tag="GSI" ind1="7" ind2=" ">
      <subfield code="a">http://d-nb.info/gnd/4178106-5</subfield>
      <subfield code="2">uri</subfield>
      <subfield code="A">GND</subfield>
      <subfield code="B">GND-041781066</subfield>
      <subfield code="C">024</subfield>
    </datafield>
    <datafield tag="GST" ind1=" " ind2=" ">
      <subfield code="a">Planzeit</subfield>
      <subfield code="A">GND</subfield>
      <subfield code="B">GND-041391403</subfield>
      <subfield code="C">450</subfield>
    </datafield>
    <datafield tag="GST" ind1=" " ind2=" ">
      <subfield code="a">Richtzeit</subfield>
      <subfield code="A">GND</subfield>
      <subfield code="B">GND-041391403</subfield>
      <subfield code="C">450</subfield>
    </datafield>
    <datafield tag="GST" ind1=" " ind2=" ">
      <subfield code="a">Standardzeit</subfield>
      <subfield code="g">Plankostenrechnung</subfield>
      <subfield code="A">GND</subfield>
      <subfield code="B">GND-041391403</subfield>
      <subfield code="C">450</subfield>
    </datafield>
    <datafield tag="GST" ind1=" " ind2=" ">
      <subfield code="a">Zeitnorm</subfield>
      <subfield code="A">GND</subfield>
      <subfield code="B">GND-041391403</subfield>
      <subfield code="C">450</subfield>
    </datafield>
    <datafield tag="GSI" ind1="7" ind2=" ">
      <subfield code="a">http://d-nb.info/gnd/4139140-8</subfield>
      <subfield code="2">uri</subfield>
      <subfield code="A">GND</subfield>
      <subfield code="B">GND-041391403</subfield>
      <subfield code="C">024</subfield>
    </datafield>
    <datafield tag="GSI" ind1="7" ind2=" ">
      <subfield code="a">http://d-nb.info/gnd/4025188-3</subfield>
      <subfield code="2">uri</subfield>
      <subfield code="A">GND</subfield>
      <subfield code="B">GND-040251888</subfield>
      <subfield code="C">024</subfield>
    </datafield>
    <datafield tag="GKT" ind1="2" ind2=" ">
      <subfield code="a">Zentralverband Deutsches Baugewerbe e.V.</subfield>
      <subfield code="4">nauv</subfield>
      <subfield code="4">http://d-nb.info/standards/elementset/gnd#variantName</subfield>
      <subfield code="w">r</subfield>
      <subfield code="i">Unveraenderte Form</subfield>
      <subfield code="e">Unveraenderte Form</subfield>
      <subfield code="A">GND</subfield>
      <subfield code="B">GND-00009563X</subfield>
      <subfield code="C">410</subfield>
    </datafield>
    <datafield tag="GKT" ind1="2" ind2=" ">
      <subfield code="a">Zentralverband des Deutschen Baugewerbes</subfield>
      <subfield code="A">GND</subfield>
      <subfield code="B">GND-00009563X</subfield>
      <subfield code="C">410</subfield>
    </datafield>
    <datafield tag="GKT" ind1="2" ind2=" ">
      <subfield code="a">Zentralverband des Deutschen Baugewerbes e.V.</subfield>
      <subfield code="4">nauv</subfield>
      <subfield code="4">http://d-nb.info/standards/elementset/gnd#variantName</subfield>
      <subfield code="w">r</subfield>
      <subfield code="i">Unveraenderte Form</subfield>
      <subfield code="e">Unveraenderte Form</subfield>
      <subfield code="A">GND</subfield>
      <subfield code="B">GND-00009563X</subfield>
      <subfield code="C">410</subfield>
    </datafield>
    <datafield tag="GKT" ind1="2" ind2=" ">
      <subfield code="a">Central'nyj Sojuz Nemeckich Stroitelej</subfield>
      <subfield code="A">GND</subfield>
      <subfield code="B">GND-00009563X</subfield>
      <subfield code="C">410</subfield>
    </datafield>
    <datafield tag="GKT" ind1="2" ind2=" ">
      <subfield code="a">ZDB</subfield>
      <subfield code="4">abku</subfield>
      <subfield code="4">http://d-nb.info/standards/elementset/gnd#abbreviatedNameForTheCorporateBody</subfield>
      <subfield code="w">r</subfield>
      <subfield code="i">Abkuerzung</subfield>
      <subfield code="e">Abkuerzung</subfield>
      <subfield code="A">GND</subfield>
      <subfield code="B">GND-00009563X</subfield>
      <subfield code="C">410</subfield>
    </datafield>
    <datafield tag="GKT" ind1="2" ind2=" ">
      <subfield code="a">&lt;&lt;Das&gt;&gt; Deutsche Baugewerbe</subfield>
      <subfield code="4">nauv</subfield>
      <subfield code="4">http://d-nb.info/standards/elementset/gnd#variantName</subfield>
      <subfield code="w">r</subfield>
      <subfield code="i">Unveraenderte Form</subfield>
      <subfield code="e">Unveraenderte Form</subfield>
      <subfield code="A">GND</subfield>
      <subfield code="B">GND-00009563X</subfield>
      <subfield code="C">410</subfield>
    </datafield>
    <datafield tag="GSI" ind1="7" ind2=" ">
      <subfield code="a">http://d-nb.info/gnd/9563-1</subfield>
      <subfield code="2">uri</subfield>
      <subfield code="A">GND</subfield>
      <subfield code="B">GND-00009563X</subfield>
      <subfield code="C">024</subfield>
    </datafield>
  </record>