
  <record>
    <leader>00306nam-a2200121z--4500</leader>
    <controlfield tag="001">99368091563606441</controlfield>
    <controlfield tag="005">20160803134623.0</controlfield>
    <controlfield tag="006">m     o  u        </controlfield>
    <controlfield tag="007">cr |||||||||||</controlfield>
    <controlfield tag="008">160829s2005    xx      o           eng d</controlfield>
    <datafield tag="020" ind1=" " ind2=" ">
      <subfield code="a">0-435-91006-X</subfield>
    </datafield>
    <datafield tag="035" ind1=" " ind2=" ">
      <subfield code="a">(CKB)3640000000033699</subfield>
    </datafield>
    <datafield tag="035" ind1=" " ind2=" ">
      <subfield code="a">(SSID)ssj0001638285</subfield>
    </datafield>
    <datafield tag="035" ind1=" " ind2=" ">
      <subfield code="a">(PQKBManifestationID)16396921</subfield>
    </datafield>
    <datafield tag="035" ind1=" " ind2=" ">
      <subfield code="a">(PQKBTitleCode)TC0001638285</subfield>
    </datafield>
    <datafield tag="035" ind1=" " ind2=" ">
      <subfield code="a">(PQKBWorkID)14957618</subfield>
    </datafield>
    <datafield tag="035" ind1=" " ind2=" ">
      <subfield code="a">(PQKB)10511318</subfield>
    </datafield>
    <datafield tag="035" ind1=" " ind2=" ">
      <subfield code="a">(WaSeSS)IndRDA00051721</subfield>
    </datafield>
    <datafield tag="035" ind1=" " ind2=" ">
      <subfield code="a">(EXLCZ)993640000000033699</subfield>
    </datafield>
    <datafield tag="040" ind1=" " ind2=" ">
      <subfield code="a">PQKB</subfield>
    </datafield>
    <datafield tag="041" ind1=" " ind2=" ">
      <subfield code="a">eng</subfield>
    </datafield>
    <datafield tag="043" ind1=" " ind2=" ">
      <subfield code="a">f-sa---</subfield>
    </datafield>
    <datafield tag="050" ind1=" " ind2="4">
      <subfield code="a">PR9369.4.W67</subfield>
    </datafield>
    <datafield tag="100" ind1=" " ind2=" ">
      <subfield code="a">Jacobs, Rayda</subfield>
      <subfield code="e">Author</subfield>
    </datafield>
    <datafield tag="245" ind1="1" ind2="0">
      <subfield code="a">Eyes of the sky</subfield>
    </datafield>
    <datafield tag="264" ind1="3" ind2="1">
      <subfield code="a">[Place of publication not identified]</subfield>
      <subfield code="b">ProQuest LLC</subfield>
      <subfield code="c">2005</subfield>
    </datafield>
    <datafield tag="300" ind1=" " ind2=" ">
      <subfield code="a">1 online resource (vii, 231 pages).</subfield>
    </datafield>
    <datafield tag="336" ind1=" " ind2=" ">
      <subfield code="a">text</subfield>
      <subfield code="b">txt</subfield>
    </datafield>
    <datafield tag="337" ind1=" " ind2=" ">
      <subfield code="a">computer</subfield>
      <subfield code="b">c</subfield>
    </datafield>
    <datafield tag="338" ind1=" " ind2=" ">
      <subfield code="a">online resource</subfield>
      <subfield code="b">cr</subfield>
    </datafield>
    <datafield tag="490" ind1="1" ind2=" ">
      <subfield code="a">African Writers Series</subfield>
    </datafield>
    <datafield tag="500" ind1=" " ind2=" ">
      <subfield code="a">Bibliographic Level Mode of Issuance: Monograph</subfield>
    </datafield>
    <datafield tag="546" ind1=" " ind2=" ">
      <subfield code="a">English</subfield>
    </datafield>
    <datafield tag="534" ind1=" " ind2=" ">
      <subfield code="p">Originally published:</subfield>
      <subfield code="t">Eyes of the sky. </subfield>
      <subfield code="c">Oxford, England : Heinemann, c1996. </subfield>
      <subfield code="e">vii, 231 pages </subfield>
      <subfield code="z">9780435910068</subfield>
    </datafield>
    <datafield tag="650" ind1=" " ind2="7">
      <subfield code="a">English Literature</subfield>
      <subfield code="2">HILCC</subfield>
    </datafield>
    <datafield tag="650" ind1=" " ind2="7">
      <subfield code="a">English</subfield>
      <subfield code="2">HILCC</subfield>
    </datafield>
    <datafield tag="650" ind1=" " ind2="7">
      <subfield code="a">Languages &amp; Literatures</subfield>
      <subfield code="2">HILCC</subfield>
    </datafield>
    <datafield tag="651" ind1=" " ind2="0">
      <subfield code="a">South Africa</subfield>
      <subfield code="x">Race relations</subfield>
      <subfield code="v">Fiction.</subfield>
    </datafield>
    <datafield tag="830" ind1=" " ind2="0">
      <subfield code="a">African writers series.</subfield>
    </datafield>
    <datafield tag="906" ind1=" " ind2=" ">
      <subfield code="a">BOOK</subfield>
    </datafield>
    <datafield tag="MBD" ind1=" " ind2=" ">
      <subfield code="M">49HBZ_NETWORK</subfield>
      <subfield code="i">99368091563606441</subfield>
      <subfield code="n">HBZ Network</subfield>
    </datafield>
    <datafield tag="MNG" ind1=" " ind2=" ">
      <subfield code="c">NON_SFX_CREATOR</subfield>
      <subfield code="f">NON_SFX</subfield>
      <subfield code="i">marc21</subfield>
      <subfield code="h">20160217141600.0</subfield>
      <subfield code="k">08</subfield>
      <subfield code="e">false</subfield>
      <subfield code="d">2020-11-23 14:55:47 Europe/Berlin</subfield>
      <subfield code="g">993640000000033699</subfield>
      <subfield code="a">NON_SFX_CREATOR</subfield>
      <subfield code="b">2013-04-20 22:34:41 Europe/Berlin</subfield>
    </datafield>
    <datafield tag="POR" ind1=" " ind2=" ">
      <subfield code="j">ProQuest</subfield>
      <subfield code="x">System</subfield>
      <subfield code="a">53472256850006441</subfield>
      <subfield code="M">49HBZ_NETWORK</subfield>
      <subfield code="p">61458796130006441</subfield>
      <subfield code="q">African Writers Series</subfield>
      <subfield code="c">param</subfield>
      <subfield code="o">614910000000000905</subfield>
      <subfield code="A">49HBZ_BIE</subfield>
      <subfield code="A">49HBZ_DUE</subfield>
      <subfield code="A">49HBZ_WUP</subfield>
      <subfield code="y">2020-11-23 14:56:00 Europe/Berlin</subfield>
      <subfield code="w">2020-11-23 14:55:57 Europe/Berlin</subfield>
      <subfield code="D">https://eu04.alma.exlibrisgroup.com/view/uresolver/49HBZ_NETWORK/openurl?u.ignore_date_coverage=true&amp;portfolio_pid=53472256850006441&amp;Force_direct=true</subfield>
      <subfield code="v">NON_SFX_CREATOR</subfield>
      <subfield code="z">2020-11-23 13:55:57</subfield>
      <subfield code="i">false</subfield>
      <subfield code="S">62458796120006441</subfield>
      <subfield code="d">https://hbz-network.userservices.exlibrisgroup.com/view/uresolver/49HBZ_NETWORK/openurl?u.ignore_date_coverage=true&amp;rft.mms_id=99368091563606441</subfield>
      <subfield code="b">Available</subfield>
      <subfield code="f">BOOK</subfield>
      <subfield code="8">53472256850006441</subfield>
    </datafield>
  </record>