
  <record>
    <leader>04113nam a22004215i 4500</leader>
    <controlfield tag="001">99368165410206441</controlfield>
    <controlfield tag="005">20210208131251.0</controlfield>
    <controlfield tag="007">cr nn 008mamaa</controlfield>
    <controlfield tag="008">210208s2020    gw |    o    |||| 0|ger d</controlfield>
    <datafield tag="020" ind1=" " ind2=" ">
      <subfield code="a">3-662-62078-2</subfield>
    </datafield>
    <datafield tag="024" ind1="7" ind2=" ">
      <subfield code="a">10.1007/978-3-662-62078-6</subfield>
      <subfield code="2">doi</subfield>
    </datafield>
    <datafield tag="035" ind1=" " ind2=" ">
      <subfield code="a">(CKB)4100000011751980</subfield>
    </datafield>
    <datafield tag="035" ind1=" " ind2=" ">
      <subfield code="a">(DE-He213)978-3-662-62078-6</subfield>
    </datafield>
    <datafield tag="035" ind1=" " ind2=" ">
      <subfield code="a">(EXLCZ)994100000011751980</subfield>
    </datafield>
    <datafield tag="050" ind1=" " ind2="4">
      <subfield code="a">QC610.9-611.8</subfield>
    </datafield>
    <datafield tag="072" ind1=" " ind2="7">
      <subfield code="a">TJFD5</subfield>
      <subfield code="2">bicssc</subfield>
    </datafield>
    <datafield tag="072" ind1=" " ind2="7">
      <subfield code="a">TEC008090</subfield>
      <subfield code="2">bisacsh</subfield>
    </datafield>
    <datafield tag="072" ind1=" " ind2="7">
      <subfield code="a">TJFD</subfield>
      <subfield code="2">thema</subfield>
    </datafield>
    <datafield tag="082" ind1="0" ind2="4">
      <subfield code="a">537.622</subfield>
      <subfield code="2">23</subfield>
    </datafield>
    <datafield tag="100" ind1="1" ind2=" ">
      <subfield code="a">H&#xFC;bener, Rudolf P.</subfield>
      <subfield code="e">author.</subfield>
      <subfield code="4">aut</subfield>
      <subfield code="4">http://id.loc.gov/vocabulary/relators/aut</subfield>
    </datafield>
    <datafield tag="245" ind1="1" ind2="0">
      <subfield code="a">Leiter, Halbleiter, Supraleiter</subfield>
      <subfield code="h">[electronic resource] :</subfield>
      <subfield code="b">Eine kompakte Einf&#xFC;hrung in Geschichte, Entwicklung und Theorie der Festk&#xF6;rperphysik /</subfield>
      <subfield code="c">von Rudolf P. H&#xFC;bener.</subfield>
    </datafield>
    <datafield tag="250" ind1=" " ind2=" ">
      <subfield code="a">3rd ed. 2020.</subfield>
    </datafield>
    <datafield tag="264" ind1=" " ind2="1">
      <subfield code="a">Berlin, Heidelberg :</subfield>
      <subfield code="b">Springer Berlin Heidelberg :</subfield>
      <subfield code="b">Imprint: Springer Spektrum,</subfield>
      <subfield code="c">2020.</subfield>
    </datafield>
    <datafield tag="300" ind1=" " ind2=" ">
      <subfield code="a">1 online resource (XVII, 247 S. 121 Abb., 34 Abb. in Farbe.) </subfield>
    </datafield>
    <datafield tag="336" ind1=" " ind2=" ">
      <subfield code="a">text</subfield>
      <subfield code="b">txt</subfield>
      <subfield code="2">rdacontent</subfield>
    </datafield>
    <datafield tag="337" ind1=" " ind2=" ">
      <subfield code="a">computer</subfield>
      <subfield code="b">c</subfield>
      <subfield code="2">rdamedia</subfield>
    </datafield>
    <datafield tag="338" ind1=" " ind2=" ">
      <subfield code="a">online resource</subfield>
      <subfield code="b">cr</subfield>
      <subfield code="2">rdacarrier</subfield>
    </datafield>
    <datafield tag="520" ind1=" " ind2=" ">
      <subfield code="a">Das vorliegende Buch gibt eine kompakte Einf&#xFC;hrung in die Grundlagen der Festk&#xF6;rperphysik, wobei der Schwerpunkt auf den elektrischen und magnetischen Materialeigenschaften liegt. Leser werden nicht nur die kompakte und anschauliche Herangehensweise sch&#xE4;tzen, sondern auch die kurzen Abschnitte &#xFC;ber die Forschungsgeschichte der Festk&#xF6;rperphysik, die mit wegweisenden Forschern wie Max Planck, Albert Einstein aber auch Heike Kamerlingh Onnes, Eugene Wigner oder Frederick Seitz verbunden ist. Diese helfen dabei, die Entwicklung der Festk&#xF6;rperphysik und ihre unterschiedlichen Theorien und Modelle verstehen und einordnen zu k&#xF6;nnen. Das Buch richtet sich an Studierende der Physik, Ingenieurwissenschaften und Materialwissenschaften bis zum Bachelor. Es kann durch seine anschaulichen Erkl&#xE4;rungen und seinen didaktischen Ansatz auch als motivierende Vorstufe und unterst&#xFC;tzendes Begleitwerk beim Studium anspruchsvollerer Lehrb&#xFC;cher der Festk&#xF6;rperphysik benutzt werden. Die dritte Auflage enth&#xE4;lt eine Reihe von Erweiterungen, besonders im Kapitel &#xFC;ber topologische Materialien. Aus dem Inhalt - Kristallgitter - Theorie der Halbleiter, Leiter und Supraleiter - Metalle - Drude-Lorentz-Modell - BCS-Theorie - Hochtemperatur-Supraleiter - Nanostrukturen: Quantenpunkte - Fehler im Kristallgitter Der Autor Rudolf Huebener studierte Physik und Mathematik an der Universit&#xE4;t Marburg sowie an den Technischen Hochschulen M&#xFC;nchen und Darmstadt. 1958 promovierte er in Marburg im Fach Experimentalphysik. Nach einer T&#xE4;tigkeit im Forschungszentrum Karlsruhe und einem Forschungsinstitut bei Albany, New York, USA arbeitete er f&#xFC;r 12 Jahre am Argonne National Laboratory bei Chicago, Illinois. 1974 &#xFC;bernahm er einen Lehrstuhl f&#xFC;r Experimentalphysik an der Universit&#xE4;t T&#xFC;bingen. Dort lehrte und forschte er bis zu seiner Emeritierung im Jahr 1999.</subfield>
    </datafield>
    <datafield tag="505" ind1="0" ind2=" ">
      <subfield code="a">Rasante Entwicklung -- Geordnete Gitter in Kristallen -- St&#xE4;ndige Bewegung im Kristallgitter -- Elektrischer Leiter oder Isolator?- Energieb&#xE4;nder -- Metalle gehorchen den Verboten der Quantenstatistik -- Weniger ist mehr: Halbleiter -- Kreisende Elektronen in hohen Magnetfeldern -- Der Rekord: Supraleiter -- Die &#xDC;berraschung: Hochtemperatur-Supraleitung -- Magnetismus: Ordnung bei den Elementarmagneten -- Nanostrukturen: &#xDC;bergitter, Quantendr&#xE4;hte und Quantenpunkte -- Fehler im Kristallgitter: n&#xFC;tzlich oder sch&#xE4;dlich?- Anhang.</subfield>
    </datafield>
    <datafield tag="650" ind1=" " ind2="0">
      <subfield code="a">Semiconductors.</subfield>
    </datafield>
    <datafield tag="650" ind1=" " ind2="0">
      <subfield code="a">Solid state physics.</subfield>
    </datafield>
    <datafield tag="650" ind1="1" ind2="4">
      <subfield code="a">Semiconductors.</subfield>
      <subfield code="0">https://scigraph.springernature.com/ontologies/product-market-codes/P25150</subfield>
    </datafield>
    <datafield tag="650" ind1="2" ind2="4">
      <subfield code="a">Solid State Physics.</subfield>
      <subfield code="0">https://scigraph.springernature.com/ontologies/product-market-codes/P25013</subfield>
    </datafield>
    <datafield tag="776" ind1=" " ind2=" ">
      <subfield code="z">3-662-62077-4</subfield>
      <subfield code="0">(uri) http://www.isbnsearch.org/isbn/3-662-62077-4</subfield>
    </datafield>
    <datafield tag="906" ind1=" " ind2=" ">
      <subfield code="a">BOOK</subfield>
    </datafield>
    <datafield tag="MBD" ind1=" " ind2=" ">
      <subfield code="M">49HBZ_NETWORK</subfield>
      <subfield code="i">99368165410206441</subfield>
      <subfield code="n">HBZ Network</subfield>
    </datafield>
    <datafield tag="MBD" ind1=" " ind2=" ">
      <subfield code="M">49HBZ_FHA</subfield>
      <subfield code="i">991004573738506444</subfield>
      <subfield code="n">Fachhochschule Aachen</subfield>
    </datafield>
    <datafield tag="MBD" ind1=" " ind2=" ">
      <subfield code="M">49HBZ_UDE</subfield>
      <subfield code="i">99203912937006446</subfield>
      <subfield code="n">Universit&#xE4;t Duisburg-Essen</subfield>
    </datafield>
    <datafield tag="MNG" ind1=" " ind2=" ">
      <subfield code="c">Ex Libris</subfield>
      <subfield code="f">CKB</subfield>
      <subfield code="i">marc21</subfield>
      <subfield code="e">false</subfield>
      <subfield code="d">2021-03-02 04:21:01 Europe/Berlin</subfield>
      <subfield code="g">994100000011751980</subfield>
      <subfield code="a">CKB</subfield>
      <subfield code="b">2021-02-22 07:21:17 Europe/Berlin</subfield>
    </datafield>
    <datafield tag="POR" ind1=" " ind2=" ">
      <subfield code="j">Springer Link</subfield>
      <subfield code="x">System</subfield>
      <subfield code="a">53486715250006441</subfield>
      <subfield code="M">49HBZ_NETWORK</subfield>
      <subfield code="p">61458809890006441</subfield>
      <subfield code="q">Springer Natur - und Basiswissenschaften incl. Mathematik eBooks 2020 - German Language</subfield>
      <subfield code="c">param</subfield>
      <subfield code="o">615280000000000646</subfield>
      <subfield code="A">49HBZ_BIE</subfield>
      <subfield code="A">49HBZ_UBD</subfield>
      <subfield code="A">49HBZ_DUE</subfield>
      <subfield code="A">49HBZ_UDE</subfield>
      <subfield code="A">49HBZ_WUP</subfield>
      <subfield code="y">2021-03-15 03:55:04 Europe/Berlin</subfield>
      <subfield code="w">2021-03-15 03:55:04 Europe/Berlin</subfield>
      <subfield code="D">https://eu04.alma.exlibrisgroup.com/view/uresolver/49HBZ_NETWORK/openurl?u.ignore_date_coverage=true&amp;portfolio_pid=53486715250006441&amp;Force_direct=true</subfield>
      <subfield code="v">electronic inventory creator</subfield>
      <subfield code="z">2021-03-15 02:55:04</subfield>
      <subfield code="i">false</subfield>
      <subfield code="S">62458809880006441</subfield>
      <subfield code="d">https://hbz-network.userservices.exlibrisgroup.com/view/uresolver/49HBZ_NETWORK/openurl?u.ignore_date_coverage=true&amp;rft.mms_id=99368165410206441</subfield>
      <subfield code="b">Available</subfield>
      <subfield code="f">BOOK</subfield>
      <subfield code="8">53486715250006441</subfield>
    </datafield>
    <datafield tag="POR" ind1=" " ind2=" ">
      <subfield code="j">Springer Link</subfield>
      <subfield code="x">System</subfield>
      <subfield code="a">5356526470006444</subfield>
      <subfield code="M">49HBZ_FHA</subfield>
      <subfield code="p">6149677220006444</subfield>
      <subfield code="q">Springer Natur - und Basiswissenschaften incl. Mathematik eBooks 2020 - German Language</subfield>
      <subfield code="c">param</subfield>
      <subfield code="o">615280000000000646</subfield>
      <subfield code="y">2021-03-15 01:48:01 Europe/Berlin</subfield>
      <subfield code="w">2021-03-15 01:48:01 Europe/Berlin</subfield>
      <subfield code="D">https://eu04.alma.exlibrisgroup.com/view/uresolver/49HBZ_NETWORK/openurl?u.ignore_date_coverage=true&amp;portfolio_pid=5356526470006444&amp;Force_direct=true</subfield>
      <subfield code="v">electronic inventory creator</subfield>
      <subfield code="z">2021-03-15 00:48:01</subfield>
      <subfield code="i">false</subfield>
      <subfield code="S">6249677210006444</subfield>
      <subfield code="d">https://hbz-network.userservices.exlibrisgroup.com/view/uresolver/49HBZ_NETWORK/openurl?u.ignore_date_coverage=true&amp;rft.mms_id=991004573738506444</subfield>
      <subfield code="b">Available</subfield>
      <subfield code="f">BOOK</subfield>
      <subfield code="8">5356526470006444</subfield>
    </datafield>
    <datafield tag="POR" ind1=" " ind2=" ">
      <subfield code="j">SpringerLink - AutoHoldings</subfield>
      <subfield code="x">System</subfield>
      <subfield code="a">53250939070006446</subfield>
      <subfield code="M">49HBZ_UDE</subfield>
      <subfield code="p">61247729990006446</subfield>
      <subfield code="q">SpringerLink Books - AutoHoldings</subfield>
      <subfield code="c">param</subfield>
      <subfield code="o">613860000000000883</subfield>
      <subfield code="y">2021-02-22 07:21:07 Europe/Berlin</subfield>
      <subfield code="w">2021-02-22 07:20:56 Europe/Berlin</subfield>
      <subfield code="D">https://eu04.alma.exlibrisgroup.com/view/uresolver/49HBZ_NETWORK/openurl?u.ignore_date_coverage=true&amp;portfolio_pid=53250939070006446&amp;Force_direct=true</subfield>
      <subfield code="v">System</subfield>
      <subfield code="z">2021-02-22 06:20:56</subfield>
      <subfield code="i">false</subfield>
      <subfield code="t">DBN564</subfield>
      <subfield code="S">62247729980006446</subfield>
      <subfield code="d">https://hbz-network.userservices.exlibrisgroup.com/view/uresolver/49HBZ_NETWORK/openurl?u.ignore_date_coverage=true&amp;rft.mms_id=99203912937006446</subfield>
      <subfield code="b">Available</subfield>
      <subfield code="f">BOOK</subfield>
      <subfield code="8">53250939070006446</subfield>
    </datafield>
  </record>