
  <record>
    <leader>01298nam  2200337 i 4500</leader>
    <controlfield tag="001">99368053843406441</controlfield>
    <controlfield tag="005">20180731044321.0</controlfield>
    <controlfield tag="006">m     o  d |      </controlfield>
    <controlfield tag="007">cr -n---------</controlfield>
    <controlfield tag="008">140421t20102010gw      ob    001 0bger|d</controlfield>
    <datafield tag="020" ind1=" " ind2=" ">
      <subfield code="a">3-534-70536-X</subfield>
    </datafield>
    <datafield tag="035" ind1=" " ind2=" ">
      <subfield code="a">(CKB)2670000000211316</subfield>
    </datafield>
    <datafield tag="035" ind1=" " ind2=" ">
      <subfield code="a">(EBL)922331</subfield>
    </datafield>
    <datafield tag="035" ind1=" " ind2=" ">
      <subfield code="a">(OCoLC)794328855</subfield>
      <subfield code="0">(uri) http://www.worldcat.org/oclc/794328855</subfield>
    </datafield>
    <datafield tag="035" ind1=" " ind2=" ">
      <subfield code="a">(SSID)ssj0001220371</subfield>
    </datafield>
    <datafield tag="035" ind1=" " ind2=" ">
      <subfield code="a">(PQKBManifestationID)11757694</subfield>
    </datafield>
    <datafield tag="035" ind1=" " ind2=" ">
      <subfield code="a">(PQKBTitleCode)TC0001220371</subfield>
    </datafield>
    <datafield tag="035" ind1=" " ind2=" ">
      <subfield code="a">(PQKBWorkID)11221184</subfield>
    </datafield>
    <datafield tag="035" ind1=" " ind2=" ">
      <subfield code="a">(PQKB)10116367</subfield>
    </datafield>
    <datafield tag="035" ind1=" " ind2=" ">
      <subfield code="a">(MiAaPQ)EBC922331</subfield>
    </datafield>
    <datafield tag="035" ind1=" " ind2=" ">
      <subfield code="a">(EXLCZ)992670000000211316</subfield>
    </datafield>
    <datafield tag="040" ind1=" " ind2=" ">
      <subfield code="a">MiAaPQ</subfield>
      <subfield code="b">eng</subfield>
      <subfield code="e">rda</subfield>
      <subfield code="e">pn</subfield>
      <subfield code="c">MiAaPQ</subfield>
      <subfield code="d">MiAaPQ</subfield>
    </datafield>
    <datafield tag="041" ind1=" " ind2=" ">
      <subfield code="a">ger</subfield>
    </datafield>
    <datafield tag="050" ind1=" " ind2="4">
      <subfield code="a">HM590</subfield>
      <subfield code="b">.H67 2010</subfield>
    </datafield>
    <datafield tag="082" ind1="0" ind2="0">
      <subfield code="a">303.3</subfield>
      <subfield code="a">303.38</subfield>
    </datafield>
    <datafield tag="100" ind1="1" ind2=" ">
      <subfield code="a">Horster, Detlef,</subfield>
      <subfield code="e">author.</subfield>
    </datafield>
    <datafield tag="245" ind1="1" ind2="0">
      <subfield code="a">Ju&#x308;rgen Habermas :</subfield>
      <subfield code="b">eine Einfu&#x308;hrung /</subfield>
      <subfield code="c">Detlef Horster.</subfield>
    </datafield>
    <datafield tag="264" ind1=" " ind2="1">
      <subfield code="a">Darmstadt :</subfield>
      <subfield code="b">WBG (Wissenschaftliche Buchgesellschaft),</subfield>
      <subfield code="c">[2010]</subfield>
    </datafield>
    <datafield tag="264" ind1=" " ind2="4">
      <subfield code="c">&#xA9;2010</subfield>
    </datafield>
    <datafield tag="300" ind1=" " ind2=" ">
      <subfield code="a">1 online resource (114 p.)</subfield>
    </datafield>
    <datafield tag="336" ind1=" " ind2=" ">
      <subfield code="a">text</subfield>
      <subfield code="b">txt</subfield>
    </datafield>
    <datafield tag="337" ind1=" " ind2=" ">
      <subfield code="a">computer</subfield>
      <subfield code="b">c</subfield>
    </datafield>
    <datafield tag="338" ind1=" " ind2=" ">
      <subfield code="a">online resource</subfield>
      <subfield code="b">cr</subfield>
    </datafield>
    <datafield tag="490" ind1="1" ind2=" ">
      <subfield code="a">Einfu&#x308;hrung Philosophie</subfield>
    </datafield>
    <datafield tag="500" ind1=" " ind2=" ">
      <subfield code="a">Description based upon print version of record.</subfield>
    </datafield>
    <datafield tag="505" ind1="8" ind2=" ">
      <subfield code="a">9. Universal-Allgemeines und Real-Einzelnes oder das nachmetaphysische Denken10. Die Habermassche Moralkonzeption; 11. Diskursive Rechtstheorie; 12. Biogenetik, menschliche Willensfreiheit, sa&#x308;kularer Staat und Religion; 13. Kritische Stimmen; 13.1 Das Kommunikationsparadigma; 13.2 Die Diskurstheorie; 13.3 Die Rechtstheorie; 14. Wirkung; Laudatio zum 80. Geburtstag; Anmerkungen; Literatur; Zeittafel; U&#x308;ber den Autor; Sachregister</subfield>
    </datafield>
    <datafield tag="520" ind1=" " ind2=" ">
      <subfield code="a">Ju&#x308;rgen Habermas, der bekannteste Philosoph der deutschen Gegenwart, wird hier in einer knappen und versta&#x308;ndlichen Einfu&#x308;hrung behandelt. Alle Themenbereiche des Habermasschen Denkens werden beru&#x308;cksichtigt und von einem prominenten Kenner der Materie didaktisch klug dargestellt. Es werden nicht nur die Stationen der intellektuellen Entwicklung beschrieben, sondern auch die systematischen Festlegungen. Im Mittelpunkt stehen die politisch-philosophischen Kategorien, mit denen Habermas bis heute in die aktuellen Debatten hineinwirkt. Ein Verzeichnis der Schriften und eine Zeittafel komplettiere</subfield>
    </datafield>
    <datafield tag="546" ind1=" " ind2=" ">
      <subfield code="a">German</subfield>
    </datafield>
    <datafield tag="504" ind1=" " ind2=" ">
      <subfield code="a">Includes bibliographical references and index.</subfield>
    </datafield>
    <datafield tag="588" ind1=" " ind2=" ">
      <subfield code="a">Description based on online resource; title from PDF title page (ebrary, viewed April 21, 2014).</subfield>
    </datafield>
    <datafield tag="600" ind1="1" ind2="0">
      <subfield code="a">Habermas, Ju&#x308;rgen.</subfield>
    </datafield>
    <datafield tag="650" ind1=" " ind2="0">
      <subfield code="a">Philosophy, German</subfield>
      <subfield code="y">20th century.</subfield>
    </datafield>
    <datafield tag="655" ind1=" " ind2="4">
      <subfield code="a">Electronic books.</subfield>
    </datafield>
    <datafield tag="776" ind1=" " ind2=" ">
      <subfield code="z">3-534-23284-4</subfield>
      <subfield code="0">(uri) http://www.isbnsearch.org/isbn/3-534-23284-4</subfield>
    </datafield>
    <datafield tag="830" ind1=" " ind2="0">
      <subfield code="a">Philosophie (Wissenschaftliche Buchgesellschaft)</subfield>
    </datafield>
    <datafield tag="906" ind1=" " ind2=" ">
      <subfield code="a">BOOK</subfield>
    </datafield>
    <datafield tag="MBD" ind1=" " ind2=" ">
      <subfield code="M">49HBZ_NETWORK</subfield>
      <subfield code="i">99368053843406441</subfield>
      <subfield code="n">HBZ Network</subfield>
    </datafield>
    <datafield tag="MNG" ind1=" " ind2=" ">
      <subfield code="c">NON_SFX_CREATOR</subfield>
      <subfield code="f">NON_SFX</subfield>
      <subfield code="i">marc21</subfield>
      <subfield code="k">10</subfield>
      <subfield code="e">false</subfield>
      <subfield code="d">2020-11-23 14:01:37 Europe/Berlin</subfield>
      <subfield code="g">992670000000211316</subfield>
      <subfield code="a">NON_SFX_CREATOR</subfield>
      <subfield code="b">2012-07-29 11:03:20 Europe/Berlin</subfield>
    </datafield>
    <datafield tag="POR" ind1=" " ind2=" ">
      <subfield code="j">Preselect.media GmbH</subfield>
      <subfield code="x">System</subfield>
      <subfield code="a">53460640960006441</subfield>
      <subfield code="M">49HBZ_NETWORK</subfield>
      <subfield code="p">61458803080006441</subfield>
      <subfield code="q">Wissenschaftliche Buchgesellschaft Philosophie - Einf&#xFC;hrungen</subfield>
      <subfield code="c">param</subfield>
      <subfield code="o">615280000000001424</subfield>
      <subfield code="A">49HBZ_DUE</subfield>
      <subfield code="A">49HBZ_WUP</subfield>
      <subfield code="y">2020-11-23 14:01:38 Europe/Berlin</subfield>
      <subfield code="w">2020-11-23 14:01:38 Europe/Berlin</subfield>
      <subfield code="D">https://eu04.alma.exlibrisgroup.com/view/uresolver/49HBZ_NETWORK/openurl?u.ignore_date_coverage=true&amp;portfolio_pid=53460640960006441&amp;Force_direct=true</subfield>
      <subfield code="v">NON_SFX_CREATOR</subfield>
      <subfield code="z">2020-11-23 13:01:38</subfield>
      <subfield code="i">false</subfield>
      <subfield code="S">62458803070006441</subfield>
      <subfield code="d">https://hbz-network.userservices.exlibrisgroup.com/view/uresolver/49HBZ_NETWORK/openurl?u.ignore_date_coverage=true&amp;rft.mms_id=99368053843406441</subfield>
      <subfield code="b">Available</subfield>
      <subfield code="f">BOOK</subfield>
      <subfield code="8">53460640960006441</subfield>
    </datafield>
  </record>