
  <record>
    <leader>01911nam#a2200481#c#4500</leader>
    <controlfield tag="005">20200817112900.0</controlfield>
    <controlfield tag="007">cr#|||||||||||</controlfield>
    <controlfield tag="008">200811|2020####gw######o#####|||#|#ger#c</controlfield>
    <controlfield tag="003">DE-605</controlfield>
    <controlfield tag="001">990367446770206441</controlfield>
    <datafield tag="020" ind1=" " ind2=" ">
      <subfield code="a">9783406753459</subfield>
      <subfield code="9">978-3-406-75345-9</subfield>
      <subfield code="0">(uri) http://www.isbnsearch.org/isbn/9783406753459</subfield>
    </datafield>
    <datafield tag="020" ind1=" " ind2=" ">
      <subfield code="a">3406753450</subfield>
      <subfield code="9">3-406-75345-0</subfield>
    </datafield>
    <datafield tag="035" ind1=" " ind2=" ">
      <subfield code="a">(DE-605)HT020551580</subfield>
    </datafield>
    <datafield tag="040" ind1=" " ind2=" ">
      <subfield code="c">DE-605</subfield>
      <subfield code="a">HBZ/Red</subfield>
      <subfield code="b">ger</subfield>
      <subfield code="d">361</subfield>
      <subfield code="e">rda</subfield>
      <subfield code="d">DE-605</subfield>
    </datafield>
    <datafield tag="041" ind1=" " ind2=" ">
      <subfield code="a">ger</subfield>
    </datafield>
    <datafield tag="044" ind1=" " ind2=" ">
      <subfield code="c">XA-DE-BY</subfield>
    </datafield>
    <datafield tag="082" ind1="0" ind2=" ">
      <subfield code="a">340</subfield>
      <subfield code="2">23sdnb</subfield>
    </datafield>
    <datafield tag="084" ind1=" " ind2=" ">
      <subfield code="a">340</subfield>
      <subfield code="q">DE-101</subfield>
      <subfield code="2">sdnb</subfield>
    </datafield>
    <datafield tag="100" ind1="1" ind2=" ">
      <subfield code="a">Henrich, Dieter</subfield>
      <subfield code="d">1930-</subfield>
      <subfield code="0">(DE-588)122423488</subfield>
      <subfield code="4">edt</subfield>
      <subfield code="4">aut</subfield>
      <subfield code="0">(uri) https://portal.dnb.de/opac.htm?method=simpleSearch&amp;cqlMode=true&amp;query=idn=122423488</subfield>
      <subfield code="0">(uri) http://viaf.org/viaf/sourceID/DNB|122423488</subfield>
      <subfield code="B">GND-122423488</subfield>
    </datafield>
    <datafield tag="245" ind1="1" ind2="0">
      <subfield code="a">Familienrecht</subfield>
      <subfield code="b">Scheidung, Unterhalt, Verfahren : Kommentar</subfield>
      <subfield code="c">mitbegr&#xFC;ndet von Prof. Kurt H. Johannsen&#x2020;, weiland Richter am BGH ; herausgegeben von Prof. Dr. Dr. h.c. mult. Dieter Henrich, Regensburg, Prof. Dr. Christoph Althammer, Universit&#xE4;t Regensburg ; bearbeitet von Prof. Dr. Christoph Althammer [und 15 weiteren]</subfield>
    </datafield>
    <datafield tag="250" ind1=" " ind2=" ">
      <subfield code="a">7., &#xFC;berarbeitete und erweiterte Auflage</subfield>
    </datafield>
    <datafield tag="264" ind1=" " ind2="1">
      <subfield code="a">M&#xFC;nchen</subfield>
      <subfield code="b">C.H.Beck</subfield>
      <subfield code="c">2020</subfield>
    </datafield>
    <datafield tag="300" ind1=" " ind2=" ">
      <subfield code="a">1 Online-Ressource</subfield>
    </datafield>
    <datafield tag="336" ind1=" " ind2=" ">
      <subfield code="b">txt</subfield>
    </datafield>
    <datafield tag="337" ind1=" " ind2=" ">
      <subfield code="b">c</subfield>
    </datafield>
    <datafield tag="338" ind1=" " ind2=" ">
      <subfield code="b">cr</subfield>
    </datafield>
    <datafield tag="490" ind1="0" ind2=" ">
      <subfield code="a">Beck-online</subfield>
    </datafield>
    <datafield tag="591" ind1=" " ind2=" ">
      <subfield code="a">Gesehen am 11.08.2020</subfield>
    </datafield>
    <datafield tag="653" ind1=" " ind2=" ">
      <subfield code="a">Unterhaltsrecht</subfield>
    </datafield>
    <datafield tag="653" ind1=" " ind2=" ">
      <subfield code="a">europ&#xE4;isches Familienrecht</subfield>
    </datafield>
    <datafield tag="653" ind1=" " ind2=" ">
      <subfield code="a">Familienverfahrensrecht</subfield>
    </datafield>
    <datafield tag="653" ind1=" " ind2=" ">
      <subfield code="a">Eherecht</subfield>
    </datafield>
    <datafield tag="653" ind1=" " ind2=" ">
      <subfield code="a">Familienrecht</subfield>
    </datafield>
    <datafield tag="710" ind1="2" ind2=" ">
      <subfield code="a">Verlag C.H. Beck</subfield>
      <subfield code="0">(DE-588)1023902869</subfield>
      <subfield code="4">pbl</subfield>
      <subfield code="0">(uri) https://portal.dnb.de/opac.htm?method=simpleSearch&amp;cqlMode=true&amp;query=idn=1023902869</subfield>
      <subfield code="0">(uri) http://viaf.org/viaf/sourceID/DNB|1023902869</subfield>
      <subfield code="B">GND-1023902869</subfield>
    </datafield>
    <datafield tag="776" ind1="0" ind2="8">
      <subfield code="i">Erscheint auch als</subfield>
      <subfield code="n">Druck-Ausgabe</subfield>
      <subfield code="a">Althammer, Christoph</subfield>
      <subfield code="t">Familienrecht</subfield>
      <subfield code="w">(DE-605)HT020371784</subfield>
      <subfield code="z">9783406753459</subfield>
      <subfield code="0">(uri) http://www.isbnsearch.org/isbn/9783406753459</subfield>
    </datafield>
    <datafield tag="700" ind1="1" ind2=" ">
      <subfield code="a">Althammer, Christoph</subfield>
      <subfield code="d">1972-</subfield>
      <subfield code="0">(DE-588)129401579</subfield>
      <subfield code="4">edt</subfield>
      <subfield code="4">aut</subfield>
      <subfield code="0">(uri) https://portal.dnb.de/opac.htm?method=simpleSearch&amp;cqlMode=true&amp;query=idn=129401579</subfield>
      <subfield code="0">(uri) http://viaf.org/viaf/sourceID/DNB|129401579</subfield>
      <subfield code="B">GND-129401579</subfield>
    </datafield>
    <datafield tag="700" ind1="1" ind2=" ">
      <subfield code="a">Johannsen, Kurt Herbert</subfield>
      <subfield code="0">(DE-588)120543613</subfield>
      <subfield code="4">oth</subfield>
      <subfield code="e">Begr&#xFC;nder eines Werks</subfield>
      <subfield code="0">(uri) https://portal.dnb.de/opac.htm?method=simpleSearch&amp;cqlMode=true&amp;query=idn=120543613</subfield>
      <subfield code="0">(uri) http://viaf.org/viaf/sourceID/DNB|120543613</subfield>
      <subfield code="B">GND-120543613</subfield>
    </datafield>
    <datafield tag="856" ind1="4" ind2="0">
      <subfield code="u">https://beck-online.beck.de/?vpath=bibdata%2Fkomm%2FJoHeEhe_7%2Fcont%2FJoHeEhe%2Ehtm</subfield>
      <subfield code="x">Verlag</subfield>
    </datafield>
    <datafield tag="912" ind1=" " ind2=" ">
      <subfield code="a">ZDB-18-BOH</subfield>
    </datafield>
    <datafield tag="964" ind1="0" ind2="s">
      <subfield code="F">030</subfield>
      <subfield code="A">a|zur||||||17</subfield>
    </datafield>
    <datafield tag="964" ind1="0" ind2="s">
      <subfield code="F">050</subfield>
      <subfield code="A">||||||||g|||||</subfield>
    </datafield>
    <datafield tag="964" ind1="0" ind2="s">
      <subfield code="F">051</subfield>
      <subfield code="A">m|||||||</subfield>
    </datafield>
    <datafield tag="035" ind1=" " ind2=" ">
      <subfield code="a">(Beck)978-3-406-75345-9</subfield>
    </datafield>
    <datafield tag="035" ind1=" " ind2=" ">
      <subfield code="a">(DE-599)HBZHT020551580</subfield>
    </datafield>
    <datafield tag="MBD" ind1=" " ind2=" ">
      <subfield code="M">49HBZ_NETWORK</subfield>
      <subfield code="i">990367446770206441</subfield>
      <subfield code="n">HBZ Network</subfield>
    </datafield>
    <datafield tag="MBD" ind1=" " ind2=" ">
      <subfield code="M">49HBZ_BIE</subfield>
      <subfield code="i">991014404089706442</subfield>
      <subfield code="n">Universit&#xE4;t Bielefeld</subfield>
    </datafield>
    <datafield tag="020" ind1=" " ind2=" ">
      <subfield code="a">9783406753459</subfield>
      <subfield code="9">978-3-406-75345-9</subfield>
      <subfield code="M">49HBZ_BIE</subfield>
    </datafield>
    <datafield tag="020" ind1=" " ind2=" ">
      <subfield code="a">3406753450</subfield>
      <subfield code="9">3-406-75345-0</subfield>
      <subfield code="M">49HBZ_BIE</subfield>
    </datafield>
    <datafield tag="980" ind1="1" ind2=" ">
      <subfield code="a">hbzebo_beck</subfield>
      <subfield code="e">HBZ</subfield>
      <subfield code="9">LOCAL</subfield>
      <subfield code="M">49HBZ_BIE</subfield>
    </datafield>
    <datafield tag="981" ind1=" " ind2=" ">
      <subfield code="a">(DE-361)2650372</subfield>
      <subfield code="9">LOCAL</subfield>
      <subfield code="M">49HBZ_BIE</subfield>
    </datafield>
    <datafield tag="997" ind1=" " ind2=" ">
      <subfield code="a">20200813</subfield>
      <subfield code="9">LOCAL</subfield>
      <subfield code="M">49HBZ_BIE</subfield>
    </datafield>
    <datafield tag="MNG" ind1=" " ind2=" ">
      <subfield code="c">System</subfield>
      <subfield code="f">HBZ</subfield>
      <subfield code="i">marc21</subfield>
      <subfield code="h">20200817112900.0</subfield>
      <subfield code="k">01</subfield>
      <subfield code="e">false</subfield>
      <subfield code="d">2021-03-30 13:02:38 Europe/Berlin</subfield>
      <subfield code="g">036744677-HBZ01</subfield>
      <subfield code="j">60</subfield>
      <subfield code="a">import</subfield>
      <subfield code="b">2020-11-22 15:50:10 Europe/Berlin</subfield>
    </datafield>
    <datafield tag="POR" ind1=" " ind2=" ">
      <subfield code="j">Verlag C.H. Beck</subfield>
      <subfield code="x">System</subfield>
      <subfield code="a">53487259870006441</subfield>
      <subfield code="M">49HBZ_NETWORK</subfield>
      <subfield code="p">61480640000006441</subfield>
      <subfield code="q">Beck online - Hochschulmodul (Books ZDB-18-BOH)</subfield>
      <subfield code="c">static</subfield>
      <subfield code="A">49HBZ_UBD</subfield>
      <subfield code="A">49HBZ_WUP</subfield>
      <subfield code="A">49HBZ_DUE</subfield>
      <subfield code="A">49HBZ_BIE</subfield>
      <subfield code="y">2021-03-30 13:02:58 Europe/Berlin</subfield>
      <subfield code="w">2021-03-30 13:02:57 Europe/Berlin</subfield>
      <subfield code="D">https://eu04.alma.exlibrisgroup.com/view/uresolver/49HBZ_NETWORK/openurl?u.ignore_date_coverage=true&amp;portfolio_pid=53487259870006441&amp;Force_direct=true</subfield>
      <subfield code="v">System</subfield>
      <subfield code="z">2021-03-30 11:02:57</subfield>
      <subfield code="i">false</subfield>
      <subfield code="S">62480639990006441</subfield>
      <subfield code="d">https://hbz-network.userservices.exlibrisgroup.com/view/uresolver/49HBZ_NETWORK/openurl?u.ignore_date_coverage=true&amp;rft.mms_id=990367446770206441</subfield>
      <subfield code="b">Available</subfield>
      <subfield code="f">BOOK</subfield>
      <subfield code="8">53487259870006441</subfield>
    </datafield>
    <datafield tag="GKT" ind1="2" ind2=" ">
      <subfield code="a">Verlag C. H. Beck oHG</subfield>
      <subfield code="4">nauv</subfield>
      <subfield code="4">https://d-nb.info/standards/elementset/gnd#variantName</subfield>
      <subfield code="w">r</subfield>
      <subfield code="i">Unveraenderte Form</subfield>
      <subfield code="e">Unveraenderte Form</subfield>
      <subfield code="A">GND</subfield>
      <subfield code="B">GND-1023902869</subfield>
      <subfield code="C">410</subfield>
    </datafield>
    <datafield tag="GKT" ind1="2" ind2=" ">
      <subfield code="a">C.H. Beck</subfield>
      <subfield code="g">Firma</subfield>
      <subfield code="A">GND</subfield>
      <subfield code="B">GND-1023902869</subfield>
      <subfield code="C">410</subfield>
    </datafield>
    <datafield tag="GKT" ind1="2" ind2=" ">
      <subfield code="a">Beck</subfield>
      <subfield code="g">Verlag C.H. Beck</subfield>
      <subfield code="A">GND</subfield>
      <subfield code="B">GND-1023902869</subfield>
      <subfield code="C">410</subfield>
    </datafield>
    <datafield tag="GSI" ind1="7" ind2=" ">
      <subfield code="a">1023902869</subfield>
      <subfield code="0">http://d-nb.info/gnd/1023902869</subfield>
      <subfield code="2">gnd</subfield>
      <subfield code="A">GND</subfield>
      <subfield code="B">GND-1023902869</subfield>
      <subfield code="C">024</subfield>
    </datafield>
    <datafield tag="GPN" ind1="1" ind2=" ">
      <subfield code="a">Johannsen, Kurt-Herbert</subfield>
      <subfield code="A">GND</subfield>
      <subfield code="B">GND-120543613</subfield>
      <subfield code="C">400</subfield>
    </datafield>
    <datafield tag="GPN" ind1="1" ind2=" ">
      <subfield code="a">Johannsen, Kurt H.</subfield>
      <subfield code="A">GND</subfield>
      <subfield code="B">GND-120543613</subfield>
      <subfield code="C">400</subfield>
    </datafield>
    <datafield tag="GPN" ind1="1" ind2=" ">
      <subfield code="a">Johannsen, Kurt</subfield>
      <subfield code="A">GND</subfield>
      <subfield code="B">GND-120543613</subfield>
      <subfield code="C">400</subfield>
    </datafield>
    <datafield tag="GSI" ind1="7" ind2=" ">
      <subfield code="a">120543613</subfield>
      <subfield code="0">http://d-nb.info/gnd/120543613</subfield>
      <subfield code="2">gnd</subfield>
      <subfield code="A">GND</subfield>
      <subfield code="B">GND-120543613</subfield>
      <subfield code="C">024</subfield>
    </datafield>
    <datafield tag="GSI" ind1="7" ind2=" ">
      <subfield code="a">http://d-nb.info/gnd/129401579</subfield>
      <subfield code="2">uri</subfield>
      <subfield code="A">GND</subfield>
      <subfield code="B">GND-129401579</subfield>
      <subfield code="C">024</subfield>
    </datafield>
    <datafield tag="GSI" ind1="7" ind2=" ">
      <subfield code="a">122423488</subfield>
      <subfield code="0">http://d-nb.info/gnd/122423488</subfield>
      <subfield code="2">gnd</subfield>
      <subfield code="A">GND</subfield>
      <subfield code="B">GND-122423488</subfield>
      <subfield code="C">024</subfield>
    </datafield>
  </record>