
  <!-- Production -->
  <record>
    <leader>01219nam#a2200385#c#4500</leader>
    <controlfield tag="005">20210407150307.0</controlfield>
    <controlfield tag="007">tu</controlfield>
    <controlfield tag="008">950704|1995####gw############|||#|#ger#c</controlfield>
    <controlfield tag="003">DE-605</controlfield>
    <controlfield tag="001">990025012090206441</controlfield>
    <datafield tag="016" ind1="7" ind2=" ">
      <subfield code="a">845003794</subfield>
      <subfield code="2">OCoLC</subfield>
    </datafield>
    <datafield tag="020" ind1=" " ind2=" ">
      <subfield code="a">3893199993</subfield>
      <subfield code="c">Pp. : DM 38.00, sfr 39.00, S 296.00</subfield>
      <subfield code="9">3-89319-999-3</subfield>
      <subfield code="0">(uri) http://www.isbnsearch.org/isbn/3893199993</subfield>
    </datafield>
    <datafield tag="020" ind1=" " ind2=" ">
      <subfield code="a">3893199004</subfield>
      <subfield code="9">3-89319-900-4</subfield>
      <subfield code="0">(uri) http://www.isbnsearch.org/isbn/3893199004</subfield>
    </datafield>
    <datafield tag="035" ind1=" " ind2=" ">
      <subfield code="a">(DE-605)HT006546809</subfield>
    </datafield>
    <datafield tag="040" ind1=" " ind2=" ">
      <subfield code="a">292</subfield>
      <subfield code="b">ger</subfield>
      <subfield code="d">386</subfield>
      <subfield code="e">rakwb</subfield>
    </datafield>
    <datafield tag="041" ind1=" " ind2=" ">
      <subfield code="a">ger</subfield>
    </datafield>
    <datafield tag="044" ind1=" " ind2=" ">
      <subfield code="c">XA-DE</subfield>
    </datafield>
    <datafield tag="084" ind1=" " ind2=" ">
      <subfield code="a">560</subfield>
      <subfield code="2">rpb</subfield>
    </datafield>
    <datafield tag="084" ind1=" " ind2=" ">
      <subfield code="a">AN 17400</subfield>
      <subfield code="2">rvk</subfield>
    </datafield>
    <datafield tag="084" ind1=" " ind2=" ">
      <subfield code="a">OM 920</subfield>
      <subfield code="2">rvk</subfield>
    </datafield>
    <datafield tag="084" ind1=" " ind2=" ">
      <subfield code="a">MS 1190</subfield>
      <subfield code="2">rvk</subfield>
    </datafield>
    <datafield tag="100" ind1="1" ind2=" ">
      <subfield code="a">McLuhan, Marshall</subfield>
      <subfield code="d">1911-1980</subfield>
      <subfield code="0">(DE-588)118729977</subfield>
      <subfield code="4">aut</subfield>
      <subfield code="0">(uri) https://portal.dnb.de/opac.htm?method=simpleSearch&amp;cqlMode=true&amp;query=idn=118729977</subfield>
      <subfield code="0">(uri) http://viaf.org/viaf/sourceID/DNB|118729977</subfield>
      <subfield code="B">GND-118729977</subfield>
    </datafield>
    <datafield tag="240" ind1="1" ind2="0">
      <subfield code="a">&lt;&lt;The&gt;&gt; Gutenberg galaxy</subfield>
      <subfield code="g">dt.</subfield>
    </datafield>
    <datafield tag="245" ind1="1" ind2="0">
      <subfield code="a">&lt;&lt;Die&gt;&gt; Gutenberg-Galaxis</subfield>
      <subfield code="b">das Ende des Buchzeitalters</subfield>
      <subfield code="c">Marshall McLuhan</subfield>
    </datafield>
    <datafield tag="264" ind1=" " ind2="1">
      <subfield code="a">Bonn [u.a.]</subfield>
      <subfield code="b">Addison-Wesley</subfield>
      <subfield code="c">1995</subfield>
    </datafield>
    <datafield tag="300" ind1=" " ind2=" ">
      <subfield code="a">XVIII, 375 S.</subfield>
    </datafield>
    <datafield tag="546" ind1=" " ind2=" ">
      <subfield code="a">Aus d. Engl. übers.</subfield>
    </datafield>
    <datafield tag="689" ind1="0" ind2="0">
      <subfield code="a">Informationsgesellschaft</subfield>
      <subfield code="D">s</subfield>
      <subfield code="0">(DE-588)4114011-4</subfield>
      <subfield code="0">(uri) https://portal.dnb.de/opac.htm?method=simpleSearch&amp;cqlMode=true&amp;query=idn=041140117</subfield>
      <subfield code="0">(uri) http://viaf.org/viaf/sourceID/DNB|041140117</subfield>
      <subfield code="B">GND-041140117</subfield>
    </datafield>
    <datafield tag="689" ind1="0" ind2="1">
      <subfield code="a">Kulturwandel</subfield>
      <subfield code="D">s</subfield>
      <subfield code="0">(DE-588)4033596-3</subfield>
      <subfield code="0">(uri) https://portal.dnb.de/opac.htm?method=simpleSearch&amp;cqlMode=true&amp;query=idn=040335968</subfield>
      <subfield code="0">(uri) http://viaf.org/viaf/sourceID/DNB|040335968</subfield>
      <subfield code="B">GND-040335968</subfield>
    </datafield>
    <datafield tag="689" ind1="0" ind2="2">
      <subfield code="a">Massenmedien</subfield>
      <subfield code="D">s</subfield>
      <subfield code="0">(DE-588)4037877-9</subfield>
      <subfield code="0">(uri) https://portal.dnb.de/opac.htm?method=simpleSearch&amp;cqlMode=true&amp;query=idn=040378772</subfield>
      <subfield code="0">(uri) http://viaf.org/viaf/sourceID/DNB|040378772</subfield>
      <subfield code="B">GND-040378772</subfield>
    </datafield>
    <datafield tag="964" ind1="0" ind2="s">
      <subfield code="F">030</subfield>
      <subfield code="A">a|1uc||||||17</subfield>
    </datafield>
    <datafield tag="964" ind1="0" ind2="s">
      <subfield code="F">050</subfield>
      <subfield code="A">a|||||||||||||</subfield>
    </datafield>
    <datafield tag="964" ind1="0" ind2="s">
      <subfield code="F">051</subfield>
      <subfield code="A">m|||||||</subfield>
    </datafield>
    <datafield tag="035" ind1=" " ind2=" ">
      <subfield code="a">(OCoLC)845003794</subfield>
      <subfield code="0">(uri) http://www.worldcat.org/oclc/845003794</subfield>
    </datafield>
    <datafield tag="035" ind1=" " ind2=" ">
      <subfield code="a">(DE-599)HBZHT006546809</subfield>
    </datafield>
    <datafield tag="MBD" ind1=" " ind2=" ">
      <subfield code="M">49HBZ_NETWORK</subfield>
      <subfield code="i">990025012090206441</subfield>
      <subfield code="n">HBZ Network</subfield>
    </datafield>
    <datafield tag="MBD" ind1=" " ind2=" ">
      <subfield code="M">49HBZ_FHA</subfield>
      <subfield code="i">991001499669706444</subfield>
      <subfield code="n">FHB Aachen</subfield>
    </datafield>
    <datafield tag="020" ind1=" " ind2=" ">
      <subfield code="a">3893199993</subfield>
      <subfield code="c">Pp. : DM 38.00, sfr 39.00, S 296.00</subfield>
      <subfield code="9">3-89319-999-3</subfield>
      <subfield code="M">49HBZ_FHA</subfield>
    </datafield>
    <datafield tag="020" ind1=" " ind2=" ">
      <subfield code="a">3893199004</subfield>
      <subfield code="9">3-89319-900-4</subfield>
      <subfield code="M">49HBZ_FHA</subfield>
    </datafield>
    <datafield tag="980" ind1="1" ind2=" ">
      <subfield code="e">HBZ</subfield>
      <subfield code="9">LOCAL</subfield>
      <subfield code="M">49HBZ_FHA</subfield>
    </datafield>
    <datafield tag="981" ind1=" " ind2=" ">
      <subfield code="a">(A96)131412</subfield>
      <subfield code="9">LOCAL</subfield>
      <subfield code="M">49HBZ_FHA</subfield>
    </datafield>
    <datafield tag="983" ind1=" " ind2=" ">
      <subfield code="b">BFG</subfield>
      <subfield code="9">LOCAL</subfield>
      <subfield code="M">49HBZ_FHA</subfield>
    </datafield>
    <datafield tag="991" ind1=" " ind2=" ">
      <subfield code="a">Pr</subfield>
      <subfield code="9">LOCAL</subfield>
      <subfield code="M">49HBZ_FHA</subfield>
    </datafield>
    <datafield tag="997" ind1=" " ind2=" ">
      <subfield code="a">19960513</subfield>
      <subfield code="9">LOCAL</subfield>
      <subfield code="M">49HBZ_FHA</subfield>
    </datafield>
    <datafield tag="MBD" ind1=" " ind2=" ">
      <subfield code="M">49HBZ_BIE</subfield>
      <subfield code="i">991013068309706442</subfield>
      <subfield code="n">UB Bielefeld</subfield>
    </datafield>
    <datafield tag="020" ind1=" " ind2=" ">
      <subfield code="a">3893199993</subfield>
      <subfield code="c">Pp. : DM 38.00, sfr 39.00, S 296.00</subfield>
      <subfield code="9">3-89319-999-3</subfield>
      <subfield code="M">49HBZ_BIE</subfield>
    </datafield>
    <datafield tag="020" ind1=" " ind2=" ">
      <subfield code="a">3893199004</subfield>
      <subfield code="9">3-89319-900-4</subfield>
      <subfield code="M">49HBZ_BIE</subfield>
    </datafield>
    <datafield tag="980" ind1="1" ind2=" ">
      <subfield code="e">HBZ</subfield>
      <subfield code="9">LOCAL</subfield>
      <subfield code="M">49HBZ_BIE</subfield>
    </datafield>
    <datafield tag="981" ind1=" " ind2=" ">
      <subfield code="a">(DE-361)1613252</subfield>
      <subfield code="9">LOCAL</subfield>
      <subfield code="M">49HBZ_BIE</subfield>
    </datafield>
    <datafield tag="997" ind1=" " ind2=" ">
      <subfield code="a">20020121</subfield>
      <subfield code="9">LOCAL</subfield>
      <subfield code="M">49HBZ_BIE</subfield>
    </datafield>
    <datafield tag="MBD" ind1=" " ind2=" ">
      <subfield code="M">49HBZ_UDE</subfield>
      <subfield code="i">990007120420206446</subfield>
      <subfield code="n">UB Duisburg-Essen</subfield>
    </datafield>
    <datafield tag="020" ind1=" " ind2=" ">
      <subfield code="a">3893199993</subfield>
      <subfield code="c">Pp. : DM 38.00, sfr 39.00, S 296.00</subfield>
      <subfield code="9">3-89319-999-3</subfield>
      <subfield code="M">49HBZ_UDE</subfield>
    </datafield>
    <datafield tag="020" ind1=" " ind2=" ">
      <subfield code="a">3893199004</subfield>
      <subfield code="9">3-89319-900-4</subfield>
      <subfield code="M">49HBZ_UDE</subfield>
    </datafield>
    <datafield tag="983" ind1=" " ind2=" ">
      <subfield code="b">LDVT</subfield>
      <subfield code="9">LOCAL</subfield>
      <subfield code="M">49HBZ_UDE</subfield>
    </datafield>
    <datafield tag="MNG" ind1=" " ind2=" ">
      <subfield code="c">System</subfield>
      <subfield code="f">ILS</subfield>
      <subfield code="i">marc21</subfield>
      <subfield code="k">01</subfield>
      <subfield code="e">false</subfield>
      <subfield code="d">2021-04-07 15:03:07 Europe/Berlin</subfield>
      <subfield code="g">002501209-HBZ01</subfield>
      <subfield code="j">60</subfield>
      <subfield code="a">import</subfield>
      <subfield code="b">2021-04-05 15:23:38 Europe/Berlin</subfield>
    </datafield>
    <datafield tag="H52" ind1="8" ind2=" ">
      <subfield code="b">BOX</subfield>
      <subfield code="c">BOX_Frei</subfield>
      <subfield code="h">51 BFG 9</subfield>
      <subfield code="8">2284548500006444</subfield>
    </datafield>
    <datafield tag="HOL" ind1=" " ind2=" ">
      <subfield code="b">2021-04-20 15:48:34</subfield>
      <subfield code="8">2284548500006444</subfield>
      <subfield code="M">49HBZ_FHA</subfield>
      <subfield code="g">false</subfield>
      <subfield code="a">import</subfield>
    </datafield>
    <datafield tag="ITM" ind1=" " ind2=" ">
      <subfield code="H">2284548500006444</subfield>
      <subfield code="x">BOX_SemApp</subfield>
      <subfield code="f">BOOK</subfield>
      <subfield code="v">BOX_Frei</subfield>
      <subfield code="X">System</subfield>
      <subfield code="U">2021-04-20 10:59:00</subfield>
      <subfield code="Y">2021-04-26 14:29:55</subfield>
      <subfield code="h">false</subfield>
      <subfield code="z">BOX-SemApp-Buhl-Drucktechnologie</subfield>
      <subfield code="P">ClassificationNo: 3101</subfield>
      <subfield code="G">1</subfield>
      <subfield code="Q">Fernleihkonditionen: 3</subfield>
      <subfield code="M">49HBZ_FHA</subfield>
      <subfield code="s">1</subfield>
      <subfield code="d">8</subfield>
      <subfield code="V">import</subfield>
      <subfield code="b">51 BFG 9</subfield>
      <subfield code="O">SISIS-Ausleihzähler Migrationsjahr: 0 | SISIS-Ausleihzähler Vor-Migrationsjahr: 0 | SISIS-Ausleihzähler vorletztes Migrationsjahr: 0 | SISIS-Vormerkzähler Migrationsjahr: 0 | SISIS-vorletztes Rückgabedatum: 2015-06-10</subfield>
      <subfield code="N">Altersbegrenzung: 0</subfield>
      <subfield code="y">8</subfield>
      <subfield code="a">2384548480006444</subfield>
      <subfield code="c">51 BFG 9</subfield>
      <subfield code="B">96/1534</subfield>
      <subfield code="W">2021-04-20 15:48:34</subfield>
      <subfield code="u">BOX</subfield>
      <subfield code="T">2021-08-08 14:29:38</subfield>
      <subfield code="w">BOX</subfield>
    </datafield>
    <datafield tag="H52" ind1="8" ind2=" ">
      <subfield code="b">UB_BI</subfield>
      <subfield code="c">26_Mono</subfield>
      <subfield code="h">BG500 M166</subfield>
      <subfield code="8">22247618780006442</subfield>
    </datafield>
    <datafield tag="HOL" ind1=" " ind2=" ">
      <subfield code="b">2021-04-19 04:30:11</subfield>
      <subfield code="8">22247618780006442</subfield>
      <subfield code="M">49HBZ_BIE</subfield>
      <subfield code="g">false</subfield>
      <subfield code="a">import</subfield>
    </datafield>
    <datafield tag="ITM" ind1=" " ind2=" ">
      <subfield code="H">22247618780006442</subfield>
      <subfield code="x">26_Mono</subfield>
      <subfield code="f">BOOK</subfield>
      <subfield code="v">26_Mono</subfield>
      <subfield code="p">item_08</subfield>
      <subfield code="X">System</subfield>
      <subfield code="U">2021-04-18 10:59:00</subfield>
      <subfield code="Y">2021-04-26 00:40:08</subfield>
      <subfield code="h">false</subfield>
      <subfield code="M">49HBZ_BIE</subfield>
      <subfield code="s">0</subfield>
      <subfield code="d">8</subfield>
      <subfield code="V">import</subfield>
      <subfield code="L">Abteilung/Standort/Haushaltsstufe: 26 | SISIS-Magazindrucker: 0 | HBZ01: HT006546809 | Keine Beilagen: 1</subfield>
      <subfield code="b">168/3107768+01</subfield>
      <subfield code="O">SISIS-Ausleihzähler vorletztes Migrationsjahr: 1 | SISIS-Vormerkzähler Migrationsjahr: 0 | SISIS-vorletztes Rückgabedatum: 2020-03-02 | SISIS-Buchdaten-Aufnahmedatum: 2002-01-30</subfield>
      <subfield code="N">Fernleihkonditionen: 0 | Sigel: 361 | Klassifikation: 26_Mono | Altersbegrenzung: 0 | SISIS-Ausleihzähler Migrationsjahr: 0 | SISIS-Ausleihzähler Vor-Migrationsjahr: 3</subfield>
      <subfield code="a">23247618770006442</subfield>
      <subfield code="c">BG500 M166</subfield>
      <subfield code="r">LOAN</subfield>
      <subfield code="W">2021-04-19 04:30:11</subfield>
      <subfield code="u">UB_BI</subfield>
      <subfield code="w">UB_BI</subfield>
    </datafield>
    <datafield tag="H52" ind1="8" ind2=" ">
      <subfield code="b">E0001</subfield>
      <subfield code="c">E11</subfield>
      <subfield code="h">LDVT1076</subfield>
      <subfield code="8">22386360930006446</subfield>
    </datafield>
    <datafield tag="HOL" ind1=" " ind2=" ">
      <subfield code="b">2021-04-15 16:53:01</subfield>
      <subfield code="8">22386360930006446</subfield>
      <subfield code="M">49HBZ_UDE</subfield>
      <subfield code="g">false</subfield>
      <subfield code="a">import</subfield>
    </datafield>
    <datafield tag="ITM" ind1=" " ind2=" ">
      <subfield code="H">22386360930006446</subfield>
      <subfield code="x">E11</subfield>
      <subfield code="f">BOOK</subfield>
      <subfield code="v">E11</subfield>
      <subfield code="p">10</subfield>
      <subfield code="X">System</subfield>
      <subfield code="U">1995-09-22 10:59:00</subfield>
      <subfield code="Y">2021-04-16 17:01:50</subfield>
      <subfield code="h">false</subfield>
      <subfield code="n">LDVT1076+1</subfield>
      <subfield code="M">49HBZ_UDE</subfield>
      <subfield code="s">0</subfield>
      <subfield code="d">8</subfield>
      <subfield code="V">import</subfield>
      <subfield code="b">DE00333396</subfield>
      <subfield code="a">23386360920006446</subfield>
      <subfield code="t">8</subfield>
      <subfield code="R">Maintenance count: 042</subfield>
      <subfield code="c">LDVT1076</subfield>
      <subfield code="r">LOAN</subfield>
      <subfield code="B">14806/95</subfield>
      <subfield code="K">beschädigt, fleckig, Anstreichungen</subfield>
      <subfield code="D">20000217</subfield>
      <subfield code="W">2021-04-15 16:53:01</subfield>
      <subfield code="u">E0001</subfield>
      <subfield code="w">E0001</subfield>
    </datafield>
    <datafield tag="GST" ind1=" " ind2=" ">
      <subfield code="a">Massenkommunikationsmittel</subfield>
      <subfield code="A">GND</subfield>
      <subfield code="B">GND-040378772</subfield>
      <subfield code="C">450</subfield>
    </datafield>
    <datafield tag="GST" ind1=" " ind2=" ">
      <subfield code="a">Massenmedium</subfield>
      <subfield code="A">GND</subfield>
      <subfield code="B">GND-040378772</subfield>
      <subfield code="C">450</subfield>
    </datafield>
    <datafield tag="GSI" ind1="7" ind2=" ">
      <subfield code="a">http://d-nb.info/gnd/4037877-9</subfield>
      <subfield code="2">uri</subfield>
      <subfield code="A">GND</subfield>
      <subfield code="B">GND-040378772</subfield>
      <subfield code="C">024</subfield>
    </datafield>
    <datafield tag="GST" ind1=" " ind2=" ">
      <subfield code="a">Kultureller Wandel</subfield>
      <subfield code="A">GND</subfield>
      <subfield code="B">GND-040335968</subfield>
      <subfield code="C">450</subfield>
    </datafield>
    <datafield tag="GSI" ind1="7" ind2=" ">
      <subfield code="a">http://d-nb.info/gnd/4033596-3</subfield>
      <subfield code="2">uri</subfield>
      <subfield code="A">GND</subfield>
      <subfield code="B">GND-040335968</subfield>
      <subfield code="C">024</subfield>
    </datafield>
    <datafield tag="GST" ind1=" " ind2=" ">
      <subfield code="a">Kommunikationsgesellschaft</subfield>
      <subfield code="A">GND</subfield>
      <subfield code="B">GND-041140117</subfield>
      <subfield code="C">450</subfield>
    </datafield>
    <datafield tag="GST" ind1=" " ind2=" ">
      <subfield code="a">Wissensgesellschaft</subfield>
      <subfield code="A">GND</subfield>
      <subfield code="B">GND-041140117</subfield>
      <subfield code="C">450</subfield>
    </datafield>
    <datafield tag="GST" ind1=" " ind2=" ">
      <subfield code="a">Mediengesellschaft</subfield>
      <subfield code="A">GND</subfield>
      <subfield code="B">GND-041140117</subfield>
      <subfield code="C">450</subfield>
    </datafield>
    <datafield tag="GST" ind1=" " ind2=" ">
      <subfield code="a">Global Village</subfield>
      <subfield code="9">v:Quasisynonym</subfield>
      <subfield code="A">GND</subfield>
      <subfield code="B">GND-041140117</subfield>
      <subfield code="C">450</subfield>
    </datafield>
    <datafield tag="GST" ind1=" " ind2=" ">
      <subfield code="a">Globales Dorf</subfield>
      <subfield code="9">v:Quasisynonym</subfield>
      <subfield code="A">GND</subfield>
      <subfield code="B">GND-041140117</subfield>
      <subfield code="C">450</subfield>
    </datafield>
    <datafield tag="GSI" ind1="7" ind2=" ">
      <subfield code="a">http://d-nb.info/gnd/4114011-4</subfield>
      <subfield code="2">uri</subfield>
      <subfield code="A">GND</subfield>
      <subfield code="B">GND-041140117</subfield>
      <subfield code="C">024</subfield>
    </datafield>
    <datafield tag="GPN" ind1="1" ind2=" ">
      <subfield code="a">McLuhan, H. Marshall</subfield>
      <subfield code="d">1911-1980</subfield>
      <subfield code="A">GND</subfield>
      <subfield code="B">GND-118729977</subfield>
      <subfield code="C">400</subfield>
    </datafield>
    <datafield tag="GPN" ind1="1" ind2=" ">
      <subfield code="a">MacLuhan, H. Marshall</subfield>
      <subfield code="d">1911-1980</subfield>
      <subfield code="A">GND</subfield>
      <subfield code="B">GND-118729977</subfield>
      <subfield code="C">400</subfield>
    </datafield>
    <datafield tag="GPN" ind1="1" ind2=" ">
      <subfield code="a">Mc Luhan, Marshall</subfield>
      <subfield code="d">1911-1980</subfield>
      <subfield code="9">v:Vw. nach RAK, 4. Erg.-Lfg.</subfield>
      <subfield code="A">GND</subfield>
      <subfield code="B">GND-118729977</subfield>
      <subfield code="C">400</subfield>
    </datafield>
    <datafield tag="GPN" ind1="1" ind2=" ">
      <subfield code="a">McLuhan, Herbert Marshall</subfield>
      <subfield code="d">1911-1980</subfield>
      <subfield code="A">GND</subfield>
      <subfield code="B">GND-118729977</subfield>
      <subfield code="C">400</subfield>
    </datafield>
    <datafield tag="GPN" ind1="1" ind2=" ">
      <subfield code="a">MacLuhan, Herbert Marshall</subfield>
      <subfield code="d">1911-1980</subfield>
      <subfield code="A">GND</subfield>
      <subfield code="B">GND-118729977</subfield>
      <subfield code="C">400</subfield>
    </datafield>
    <datafield tag="GPN" ind1="1" ind2=" ">
      <subfield code="a">MacLuhan, Marshall</subfield>
      <subfield code="d">1911-1980</subfield>
      <subfield code="A">GND</subfield>
      <subfield code="B">GND-118729977</subfield>
      <subfield code="C">400</subfield>
    </datafield>
    <datafield tag="GSI" ind1="7" ind2=" ">
      <subfield code="a">http://d-nb.info/gnd/118729977</subfield>
      <subfield code="2">uri</subfield>
      <subfield code="A">GND</subfield>
      <subfield code="B">GND-118729977</subfield>
      <subfield code="C">024</subfield>
    </datafield>
  </record>