
  <record>
    <leader>01945nam#a2200685#c#4500</leader>
    <controlfield tag="005">20210409183040.0</controlfield>
    <controlfield tag="007">tu</controlfield>
    <controlfield tag="008">200109|2020####gw############|||#|#ger#c</controlfield>
    <controlfield tag="003">DE-605</controlfield>
    <controlfield tag="001">990365245190206441</controlfield>
    <datafield tag="015" ind1=" " ind2=" ">
      <subfield code="a">19,N23</subfield>
      <subfield code="2">dnb</subfield>
    </datafield>
    <datafield tag="016" ind1="7" ind2=" ">
      <subfield code="a">1187468770</subfield>
      <subfield code="2">DE-101b</subfield>
    </datafield>
    <datafield tag="020" ind1=" " ind2=" ">
      <subfield code="a">9783959821889</subfield>
      <subfield code="c">: EUR 19.95 (DE), EUR 20.60 (AT)</subfield>
      <subfield code="9">978-3-95982-188-9</subfield>
      <subfield code="0">(uri) http://www.isbnsearch.org/isbn/9783959821889</subfield>
    </datafield>
    <datafield tag="020" ind1=" " ind2=" ">
      <subfield code="a">3959821883</subfield>
      <subfield code="9">3-95982-188-3</subfield>
      <subfield code="0">(uri) http://www.isbnsearch.org/isbn/3959821883</subfield>
    </datafield>
    <datafield tag="024" ind1="3" ind2=" ">
      <subfield code="a">9783959821889</subfield>
      <subfield code="0">(uri) http://www.isbnsearch.org/isbn/9783959821889</subfield>
    </datafield>
    <datafield tag="035" ind1=" " ind2=" ">
      <subfield code="a">(DE-605)HT020331882</subfield>
    </datafield>
    <datafield tag="040" ind1=" " ind2=" ">
      <subfield code="a">1044</subfield>
      <subfield code="b">ger</subfield>
      <subfield code="d">107</subfield>
      <subfield code="e">rda</subfield>
    </datafield>
    <datafield tag="041" ind1=" " ind2=" ">
      <subfield code="a">ger</subfield>
    </datafield>
    <datafield tag="044" ind1=" " ind2=" ">
      <subfield code="c">XA-DE-BY</subfield>
    </datafield>
    <datafield tag="082" ind1="0" ind2=" ">
      <subfield code="a">004</subfield>
      <subfield code="2">23sdnb</subfield>
    </datafield>
    <datafield tag="084" ind1=" " ind2=" ">
      <subfield code="a">820</subfield>
      <subfield code="2">rpb</subfield>
    </datafield>
    <datafield tag="084" ind1=" " ind2=" ">
      <subfield code="a">004</subfield>
      <subfield code="q">DE-101</subfield>
      <subfield code="2">sdnb</subfield>
    </datafield>
    <datafield tag="100" ind1="1" ind2=" ">
      <subfield code="a">Gieseke, Wolfram</subfield>
      <subfield code="d">1971-</subfield>
      <subfield code="0">(DE-588)141678259</subfield>
      <subfield code="4">aut</subfield>
      <subfield code="0">(uri) https://portal.dnb.de/opac.htm?method=simpleSearch&amp;cqlMode=true&amp;query=idn=141678259</subfield>
      <subfield code="0">(uri) http://viaf.org/viaf/sourceID/DNB|141678259</subfield>
      <subfield code="B">GND-141678259</subfield>
    </datafield>
    <datafield tag="245" ind1="1" ind2="0">
      <subfield code="a">&lt;&lt;Die&gt;&gt; ultimative Anti-Hacker-Bibel</subfield>
      <subfield code="b">das Praxisbuch</subfield>
      <subfield code="c">Wolfram Gieseke</subfield>
    </datafield>
    <datafield tag="264" ind1=" " ind2="1">
      <subfield code="a">Burgthann</subfield>
      <subfield code="b">Markt + Technik</subfield>
      <subfield code="c">[2020]</subfield>
    </datafield>
    <datafield tag="264" ind1=" " ind2="4">
      <subfield code="c">© 2020</subfield>
    </datafield>
    <datafield tag="300" ind1=" " ind2=" ">
      <subfield code="a">364 Seiten</subfield>
      <subfield code="b">Illustrationen</subfield>
    </datafield>
    <datafield tag="336" ind1=" " ind2=" ">
      <subfield code="b">txt</subfield>
    </datafield>
    <datafield tag="337" ind1=" " ind2=" ">
      <subfield code="b">n</subfield>
    </datafield>
    <datafield tag="338" ind1=" " ind2=" ">
      <subfield code="b">nc</subfield>
    </datafield>
    <datafield tag="653" ind1=" " ind2=" ">
      <subfield code="a">Assembler</subfield>
    </datafield>
    <datafield tag="653" ind1=" " ind2=" ">
      <subfield code="a">Buch</subfield>
    </datafield>
    <datafield tag="653" ind1=" " ind2=" ">
      <subfield code="a">C</subfield>
    </datafield>
    <datafield tag="653" ind1=" " ind2=" ">
      <subfield code="a">Computersicherheit</subfield>
    </datafield>
    <datafield tag="653" ind1=" " ind2=" ">
      <subfield code="a">Cracker</subfield>
    </datafield>
    <datafield tag="653" ind1=" " ind2=" ">
      <subfield code="a">Grundlagen</subfield>
    </datafield>
    <datafield tag="653" ind1=" " ind2=" ">
      <subfield code="a">Hacken</subfield>
    </datafield>
    <datafield tag="653" ind1=" " ind2=" ">
      <subfield code="a">Hacker</subfield>
    </datafield>
    <datafield tag="653" ind1=" " ind2=" ">
      <subfield code="a">Hacking</subfield>
    </datafield>
    <datafield tag="653" ind1=" " ind2=" ">
      <subfield code="a">Handbuch</subfield>
    </datafield>
    <datafield tag="653" ind1=" " ind2=" ">
      <subfield code="a">IT Sicherheit</subfield>
    </datafield>
    <datafield tag="653" ind1=" " ind2=" ">
      <subfield code="a">Kali Linux</subfield>
    </datafield>
    <datafield tag="653" ind1=" " ind2=" ">
      <subfield code="a">Krypto</subfield>
    </datafield>
    <datafield tag="653" ind1=" " ind2=" ">
      <subfield code="a">Markt und Technik</subfield>
    </datafield>
    <datafield tag="653" ind1=" " ind2=" ">
      <subfield code="a">Monitoring</subfield>
    </datafield>
    <datafield tag="653" ind1=" " ind2=" ">
      <subfield code="a">NAS</subfield>
    </datafield>
    <datafield tag="653" ind1=" " ind2=" ">
      <subfield code="a">NSA</subfield>
    </datafield>
    <datafield tag="653" ind1=" " ind2=" ">
      <subfield code="a">Netzwerk</subfield>
    </datafield>
    <datafield tag="653" ind1=" " ind2=" ">
      <subfield code="a">Programmierung</subfield>
    </datafield>
    <datafield tag="653" ind1=" " ind2=" ">
      <subfield code="a">Tools</subfield>
    </datafield>
    <datafield tag="653" ind1=" " ind2=" ">
      <subfield code="a">W Lan</subfield>
    </datafield>
    <datafield tag="689" ind1="0" ind2="0">
      <subfield code="a">Computersicherheit</subfield>
      <subfield code="D">s</subfield>
      <subfield code="0">(DE-588)4274324-2</subfield>
      <subfield code="0">(uri) https://portal.dnb.de/opac.htm?method=simpleSearch&amp;cqlMode=true&amp;query=idn=042743249</subfield>
      <subfield code="0">(uri) http://viaf.org/viaf/sourceID/DNB|042743249</subfield>
      <subfield code="B">GND-042743249</subfield>
    </datafield>
    <datafield tag="689" ind1="0" ind2="1">
      <subfield code="a">Hacker</subfield>
      <subfield code="D">s</subfield>
      <subfield code="0">(DE-588)4113821-1</subfield>
      <subfield code="0">(uri) https://portal.dnb.de/opac.htm?method=simpleSearch&amp;cqlMode=true&amp;query=idn=04113821X</subfield>
      <subfield code="0">(uri) http://viaf.org/viaf/sourceID/DNB|04113821X</subfield>
      <subfield code="B">GND-04113821X</subfield>
    </datafield>
    <datafield tag="710" ind1="2" ind2=" ">
      <subfield code="a">Markt+Technik Verlag GmbH</subfield>
      <subfield code="0">(DE-588)1065428669</subfield>
      <subfield code="4">pbl</subfield>
      <subfield code="0">(uri) https://portal.dnb.de/opac.htm?method=simpleSearch&amp;cqlMode=true&amp;query=idn=1065428669</subfield>
      <subfield code="0">(uri) http://viaf.org/viaf/sourceID/DNB|1065428669</subfield>
      <subfield code="B">GND-1065428669</subfield>
    </datafield>
    <datafield tag="856" ind1="4" ind2="2">
      <subfield code="m">B:DE-101</subfield>
      <subfield code="q">application/pdf</subfield>
      <subfield code="u">http://digitale-objekte.hbz-nrw.de/storage2/2020/04/30/file_10/8855155.pdf</subfield>
      <subfield code="3">Inhaltsverzeichnis</subfield>
      <subfield code="9">O:PKN</subfield>
    </datafield>
    <datafield tag="964" ind1="0" ind2="s">
      <subfield code="F">030</subfield>
      <subfield code="A">a||ur||||||17</subfield>
    </datafield>
    <datafield tag="964" ind1="0" ind2="s">
      <subfield code="F">050</subfield>
      <subfield code="A">a|a|||||||||||</subfield>
    </datafield>
    <datafield tag="964" ind1="0" ind2="s">
      <subfield code="F">051</subfield>
      <subfield code="A">m|||||||</subfield>
    </datafield>
    <datafield tag="035" ind1=" " ind2=" ">
      <subfield code="a">(ELiSA)ELiSA-9783959821889</subfield>
    </datafield>
    <datafield tag="035" ind1=" " ind2=" ">
      <subfield code="a">(DE-599)DNB1187468770</subfield>
    </datafield>
    <datafield tag="MBD" ind1=" " ind2=" ">
      <subfield code="M">49HBZ_NETWORK</subfield>
      <subfield code="i">990365245190206441</subfield>
      <subfield code="n">HBZ Network</subfield>
    </datafield>
    <datafield tag="MBD" ind1=" " ind2=" ">
      <subfield code="M">49HBZ_FHA</subfield>
      <subfield code="i">991001346159706444</subfield>
      <subfield code="n">FHB Aachen</subfield>
    </datafield>
    <datafield tag="020" ind1=" " ind2=" ">
      <subfield code="a">9783959821889</subfield>
      <subfield code="c">: EUR 19.95 (DE), EUR 20.60 (AT)</subfield>
      <subfield code="9">978-3-95982-188-9</subfield>
      <subfield code="M">49HBZ_FHA</subfield>
    </datafield>
    <datafield tag="020" ind1=" " ind2=" ">
      <subfield code="a">3959821883</subfield>
      <subfield code="9">3-95982-188-3</subfield>
      <subfield code="M">49HBZ_FHA</subfield>
    </datafield>
    <datafield tag="856" ind1="4" ind2="2">
      <subfield code="m">B:DE-101</subfield>
      <subfield code="q">application/pdf</subfield>
      <subfield code="u">http://digitale-objekte.hbz-nrw.de/storage2/2020/04/30/file_10/8855155.pdf</subfield>
      <subfield code="3">Inhaltsverzeichnis</subfield>
      <subfield code="9">O:PKN</subfield>
      <subfield code="M">49HBZ_FHA</subfield>
    </datafield>
    <datafield tag="980" ind1="1" ind2=" ">
      <subfield code="e">HBZ</subfield>
      <subfield code="9">LOCAL</subfield>
      <subfield code="M">49HBZ_FHA</subfield>
    </datafield>
    <datafield tag="981" ind1=" " ind2=" ">
      <subfield code="a">(A96)952501</subfield>
      <subfield code="9">LOCAL</subfield>
      <subfield code="M">49HBZ_FHA</subfield>
    </datafield>
    <datafield tag="983" ind1=" " ind2=" ">
      <subfield code="b">TWZ</subfield>
      <subfield code="9">LOCAL</subfield>
      <subfield code="M">49HBZ_FHA</subfield>
    </datafield>
    <datafield tag="989" ind1=" " ind2=" ">
      <subfield code="a">neu2002, neu2102</subfield>
      <subfield code="9">LOCAL</subfield>
      <subfield code="M">49HBZ_FHA</subfield>
    </datafield>
    <datafield tag="997" ind1=" " ind2=" ">
      <subfield code="a">20200127</subfield>
      <subfield code="9">LOCAL</subfield>
      <subfield code="M">49HBZ_FHA</subfield>
    </datafield>
    <datafield tag="MNG" ind1=" " ind2=" ">
      <subfield code="c">System</subfield>
      <subfield code="f">ILS</subfield>
      <subfield code="i">marc21</subfield>
      <subfield code="k">01</subfield>
      <subfield code="e">false</subfield>
      <subfield code="d">2021-04-09 18:30:40 Europe/Berlin</subfield>
      <subfield code="g">036524519-HBZ01</subfield>
      <subfield code="j">60</subfield>
      <subfield code="a">import</subfield>
      <subfield code="b">2021-04-05 11:15:47 Europe/Berlin</subfield>
    </datafield>
    <datafield tag="H52" ind1="8" ind2=" ">
      <subfield code="b">EUP</subfield>
      <subfield code="c">EUP_Frei</subfield>
      <subfield code="h">21 TWZ 35</subfield>
      <subfield code="8">2281647710006444</subfield>
    </datafield>
    <datafield tag="HOL" ind1=" " ind2=" ">
      <subfield code="b">2021-04-20 15:41:15</subfield>
      <subfield code="8">2281647710006444</subfield>
      <subfield code="M">49HBZ_FHA</subfield>
      <subfield code="g">false</subfield>
      <subfield code="a">import</subfield>
    </datafield>
    <datafield tag="ITM" ind1=" " ind2=" ">
      <subfield code="H">2281647710006444</subfield>
      <subfield code="x">EUP_LabApp</subfield>
      <subfield code="f">BOOK</subfield>
      <subfield code="v">EUP_Frei</subfield>
      <subfield code="X">tielmann</subfield>
      <subfield code="U">2021-04-20 10:59:00</subfield>
      <subfield code="Y">2021-04-27 12:39:00</subfield>
      <subfield code="h">false</subfield>
      <subfield code="z">EUP-Labor-Höfken-Rechenzentrale</subfield>
      <subfield code="P">ClassificationNo: 1311</subfield>
      <subfield code="G">1</subfield>
      <subfield code="Q">Fernleihkonditionen: 0</subfield>
      <subfield code="M">49HBZ_FHA</subfield>
      <subfield code="s">1</subfield>
      <subfield code="d">8</subfield>
      <subfield code="V">import</subfield>
      <subfield code="b">21 TWZ 35+1</subfield>
      <subfield code="O">SISIS-Ausleihzähler Migrationsjahr: 3 | SISIS-Ausleihzähler Vor-Migrationsjahr: 0 | SISIS-Ausleihzähler vorletztes Migrationsjahr: 0 | SISIS-Vormerkzähler Migrationsjahr: 1 | SISIS-vorletztes Rückgabedatum: 2021-02-08</subfield>
      <subfield code="N">SISIS-Buchdaten-Aufnahmedatum: 2021-02-04 | Altersbegrenzung: 0</subfield>
      <subfield code="y">8</subfield>
      <subfield code="a">2381647690006444</subfield>
      <subfield code="c">21 TWZ 35</subfield>
      <subfield code="B">21/189</subfield>
      <subfield code="W">2021-04-20 15:41:15</subfield>
      <subfield code="u">EUP</subfield>
      <subfield code="T">2070-12-31 16:37:05</subfield>
      <subfield code="w">EUP</subfield>
    </datafield>
    <datafield tag="ITM" ind1=" " ind2=" ">
      <subfield code="H">2281647710006444</subfield>
      <subfield code="x">EUP_Frei</subfield>
      <subfield code="f">BOOK</subfield>
      <subfield code="v">EUP_Frei</subfield>
      <subfield code="X">System</subfield>
      <subfield code="U">2021-04-20 10:59:00</subfield>
      <subfield code="Y">2021-04-25 10:43:59</subfield>
      <subfield code="h">false</subfield>
      <subfield code="P">ClassificationNo: 1311</subfield>
      <subfield code="G">1</subfield>
      <subfield code="Q">Fernleihkonditionen: 0</subfield>
      <subfield code="M">49HBZ_FHA</subfield>
      <subfield code="s">0</subfield>
      <subfield code="d">8</subfield>
      <subfield code="V">import</subfield>
      <subfield code="b">21 TWZ 35</subfield>
      <subfield code="O">SISIS-Ausleihzähler Migrationsjahr: 0 | SISIS-Ausleihzähler Vor-Migrationsjahr: 2 | SISIS-Ausleihzähler vorletztes Migrationsjahr: 0 | SISIS-Vormerkzähler Migrationsjahr: 0</subfield>
      <subfield code="N">SISIS-Buchdaten-Aufnahmedatum: 2020-02-03 | Altersbegrenzung: 0</subfield>
      <subfield code="a">2381647700006444</subfield>
      <subfield code="c">21 TWZ 35</subfield>
      <subfield code="r">LOAN</subfield>
      <subfield code="B">20/279</subfield>
      <subfield code="W">2021-04-20 15:41:15</subfield>
      <subfield code="u">EUP</subfield>
      <subfield code="w">EUP</subfield>
    </datafield>
    <datafield tag="GSI" ind1="7" ind2=" ">
      <subfield code="a">http://d-nb.info/gnd/4113821-1</subfield>
      <subfield code="2">uri</subfield>
      <subfield code="A">GND</subfield>
      <subfield code="B">GND-04113821X</subfield>
      <subfield code="C">024</subfield>
    </datafield>
    <datafield tag="GST" ind1=" " ind2=" ">
      <subfield code="a">Datenverarbeitungssystem</subfield>
      <subfield code="x">Sicherheit</subfield>
      <subfield code="A">GND</subfield>
      <subfield code="B">GND-042743249</subfield>
      <subfield code="C">450</subfield>
    </datafield>
    <datafield tag="GST" ind1=" " ind2=" ">
      <subfield code="a">Computer</subfield>
      <subfield code="x">Sicherheit</subfield>
      <subfield code="A">GND</subfield>
      <subfield code="B">GND-042743249</subfield>
      <subfield code="C">450</subfield>
    </datafield>
    <datafield tag="GST" ind1=" " ind2=" ">
      <subfield code="a">Cybersicherheit</subfield>
      <subfield code="A">GND</subfield>
      <subfield code="B">GND-042743249</subfield>
      <subfield code="C">450</subfield>
    </datafield>
    <datafield tag="GST" ind1=" " ind2=" ">
      <subfield code="a">Cybersecurity</subfield>
      <subfield code="A">GND</subfield>
      <subfield code="B">GND-042743249</subfield>
      <subfield code="C">450</subfield>
    </datafield>
    <datafield tag="GST" ind1=" " ind2=" ">
      <subfield code="a">IT-Sicherheit</subfield>
      <subfield code="A">GND</subfield>
      <subfield code="B">GND-042743249</subfield>
      <subfield code="C">450</subfield>
    </datafield>
    <datafield tag="GSI" ind1="7" ind2=" ">
      <subfield code="a">4274324-2</subfield>
      <subfield code="0">http://d-nb.info/gnd/4274324-2</subfield>
      <subfield code="2">gnd</subfield>
      <subfield code="A">GND</subfield>
      <subfield code="B">GND-042743249</subfield>
      <subfield code="C">024</subfield>
    </datafield>
    <datafield tag="GSI" ind1="7" ind2=" ">
      <subfield code="a">http://d-nb.info/gnd/1065428669</subfield>
      <subfield code="2">uri</subfield>
      <subfield code="A">GND</subfield>
      <subfield code="B">GND-1065428669</subfield>
      <subfield code="C">024</subfield>
    </datafield>
    <datafield tag="GPN" ind1="1" ind2=" ">
      <subfield code="a">Gieseke, W.</subfield>
      <subfield code="d">1971-</subfield>
      <subfield code="A">GND</subfield>
      <subfield code="B">GND-141678259</subfield>
      <subfield code="C">400</subfield>
    </datafield>
    <datafield tag="GPN" ind1="1" ind2=" ">
      <subfield code="a">Gieseke, Walfram</subfield>
      <subfield code="d">1971-</subfield>
      <subfield code="9">v:Falsche Namensform</subfield>
      <subfield code="A">GND</subfield>
      <subfield code="B">GND-141678259</subfield>
      <subfield code="C">400</subfield>
    </datafield>
    <datafield tag="GPN" ind1="1" ind2=" ">
      <subfield code="a">Gieseke, Wolfgang</subfield>
      <subfield code="d">1971-</subfield>
      <subfield code="A">GND</subfield>
      <subfield code="B">GND-141678259</subfield>
      <subfield code="C">400</subfield>
    </datafield>
    <datafield tag="GPN" ind1="0" ind2=" ">
      <subfield code="a">Gieseke</subfield>
      <subfield code="d">1971-</subfield>
      <subfield code="A">GND</subfield>
      <subfield code="B">GND-141678259</subfield>
      <subfield code="C">400</subfield>
    </datafield>
    <datafield tag="GSI" ind1="7" ind2=" ">
      <subfield code="a">http://d-nb.info/gnd/141678259</subfield>
      <subfield code="2">uri</subfield>
      <subfield code="A">GND</subfield>
      <subfield code="B">GND-141678259</subfield>
      <subfield code="C">024</subfield>
    </datafield>
  </record>