
  <record>
    <leader>01038nam a2200277 a 4500</leader>
    <controlfield tag="005">20180813</controlfield>
    <controlfield tag="007">|| ||||||||||||||||||||</controlfield>
    <controlfield tag="008">||||||s2013uuuu|||ad| | |||||||||||und||</controlfield>
    <controlfield tag="001">991000192699706444</controlfield>
    <datafield tag="020" ind1=" " ind2=" ">
      <subfield code="a">9780876640395</subfield>
      <subfield code="0">(uri) http://www.isbnsearch.org/isbn/9780876640395</subfield>
    </datafield>
    <datafield tag="035" ind1=" " ind2=" ">
      <subfield code="a">(DE-A96)499667-49hbz_fha</subfield>
    </datafield>
    <datafield tag="035" ind1=" " ind2=" ">
      <subfield code="a">499667</subfield>
      <subfield code="9">ExL</subfield>
    </datafield>
    <datafield tag="088" ind1=" " ind2=" ">
      <subfield code="a">ANSI/ISA-62443-3-3 (99.03.03)-2013</subfield>
    </datafield>
    <datafield tag="110" ind1="2" ind2=" ">
      <subfield code="a">American National Standards Institute</subfield>
      <subfield code="0">(DE-588)55095-4</subfield>
      <subfield code="0">(uri) https://portal.dnb.de/opac.htm?method=simpleSearch&amp;cqlMode=true&amp;query=idn=000550957</subfield>
      <subfield code="0">(uri) http://viaf.org/viaf/sourceID/DNB|000550957</subfield>
      <subfield code="B">GND-000550957</subfield>
    </datafield>
    <datafield tag="119" ind1="2" ind2=" ">
      <subfield code="a">National Standards Institute &lt;USA></subfield>
      <subfield code="a">Standards Institute &lt;USA></subfield>
      <subfield code="a">ANSI</subfield>
      <subfield code="0">(DE-588)55095-4</subfield>
    </datafield>
    <datafield tag="245" ind1="1" ind2="0">
      <subfield code="a">Security for industrial automation and control systems</subfield>
      <subfield code="c">ANSI/ISA ; ANSI/ISA</subfield>
      <subfield code="n">62443-3-3</subfield>
      <subfield code="p">Part 3-3: System security requirements and security levels</subfield>
    </datafield>
    <datafield tag="260" ind1=" " ind2=" ">
      <subfield code="a">Research Triangle Park, NC</subfield>
      <subfield code="b">ISA</subfield>
    </datafield>
    <datafield tag="264" ind1=" " ind2=" ">
      <subfield code="c">2013</subfield>
    </datafield>
    <datafield tag="300" ind1=" " ind2=" ">
      <subfield code="a">81 S. :</subfield>
      <subfield code="b">Ill., graph. Darst.</subfield>
    </datafield>
    <datafield tag="490" ind1="1" ind2=" ">
      <subfield code="a">Security for industrial automation and control systems</subfield>
    </datafield>
    <datafield tag="710" ind1="2" ind2=" ">
      <subfield code="a">American National Standards Institute</subfield>
      <subfield code="0">(uri) https://portal.dnb.de/opac.htm?method=simpleSearch&amp;cqlMode=true&amp;query=idn=000550957</subfield>
      <subfield code="0">(uri) http://viaf.org/viaf/sourceID/DNB|000550957</subfield>
    </datafield>
    <datafield tag="710" ind1="2" ind2=" ">
      <subfield code="a">International Society of Automation</subfield>
    </datafield>
    <datafield tag="773" ind1="0" ind2="8">
      <subfield code="w">991000192569706444</subfield>
    </datafield>
    <datafield tag="981" ind1=" " ind2=" ">
      <subfield code="a">(A96)499667</subfield>
      <subfield code="9">LOCAL</subfield>
    </datafield>
    <datafield tag="983" ind1=" " ind2=" ">
      <subfield code="b">WBS</subfield>
      <subfield code="9">LOCAL</subfield>
    </datafield>
    <datafield tag="989" ind1=" " ind2=" ">
      <subfield code="a">neu1407</subfield>
      <subfield code="9">LOCAL</subfield>
    </datafield>
    <datafield tag="991" ind1=" " ind2=" ">
      <subfield code="a">kow</subfield>
      <subfield code="9">LOCAL</subfield>
    </datafield>
    <datafield tag="997" ind1=" " ind2=" ">
      <subfield code="a">20140716</subfield>
      <subfield code="9">LOCAL</subfield>
    </datafield>
    <datafield tag="MBD" ind1=" " ind2=" ">
      <subfield code="M">49HBZ_FHA</subfield>
      <subfield code="i">991000192699706444</subfield>
      <subfield code="n">FHB Aachen</subfield>
    </datafield>
    <datafield tag="MNG" ind1=" " ind2=" ">
      <subfield code="f">ILS</subfield>
      <subfield code="i">marc21</subfield>
      <subfield code="k">01</subfield>
      <subfield code="e">false</subfield>
      <subfield code="g">499667-49hbz_fha</subfield>
      <subfield code="j">00</subfield>
      <subfield code="a">import</subfield>
      <subfield code="b">2021-04-20 17:41:08 Europe/Berlin</subfield>
    </datafield>
    <datafield tag="H52" ind1="8" ind2=" ">
      <subfield code="b">EUP</subfield>
      <subfield code="c">EUP_Praes</subfield>
      <subfield code="h">21 WBS 1-62443-3-3</subfield>
      <subfield code="8">2281522440006444</subfield>
    </datafield>
    <datafield tag="HOL" ind1=" " ind2=" ">
      <subfield code="b">2021-04-20 15:41:08</subfield>
      <subfield code="8">2281522440006444</subfield>
      <subfield code="M">49HBZ_FHA</subfield>
      <subfield code="g">false</subfield>
      <subfield code="a">import</subfield>
    </datafield>
    <datafield tag="ITM" ind1=" " ind2=" ">
      <subfield code="H">2281522440006444</subfield>
      <subfield code="x">EUP_LabApp</subfield>
      <subfield code="f">BOOK</subfield>
      <subfield code="v">EUP_Praes</subfield>
      <subfield code="X">tielmann</subfield>
      <subfield code="U">2021-04-20 10:59:00</subfield>
      <subfield code="Y">2021-04-27 12:40:00</subfield>
      <subfield code="h">false</subfield>
      <subfield code="z">EUP-Labor-Höfken-Rechenzentrale</subfield>
      <subfield code="P">ClassificationNo: 1903</subfield>
      <subfield code="G">1</subfield>
      <subfield code="Q">Fernleihkonditionen: 3</subfield>
      <subfield code="M">49HBZ_FHA</subfield>
      <subfield code="s">1</subfield>
      <subfield code="d">8</subfield>
      <subfield code="V">import</subfield>
      <subfield code="b">20 WBS 1-62443-3-3</subfield>
      <subfield code="O">SISIS-Ausleihzähler Migrationsjahr: 0 | SISIS-Ausleihzähler Vor-Migrationsjahr: 1 | SISIS-Ausleihzähler vorletztes Migrationsjahr: 0 | SISIS-Vormerkzähler Migrationsjahr: 0 | SISIS-vorletztes Rückgabedatum: 2014-07-17</subfield>
      <subfield code="N">SISIS-Buchdaten-Aufnahmedatum: 2014-07-16 | Altersbegrenzung: 0</subfield>
      <subfield code="y">8</subfield>
      <subfield code="a">2381522430006444</subfield>
      <subfield code="c">21 WBS 1-62443-3-3</subfield>
      <subfield code="B">F/1473</subfield>
      <subfield code="W">2021-04-20 15:41:08</subfield>
      <subfield code="u">EUP</subfield>
      <subfield code="T">2070-12-31 16:37:05</subfield>
      <subfield code="w">EUP</subfield>
    </datafield>
    <datafield tag="GKT" ind1="2" ind2=" ">
      <subfield code="a">National Standards Institute</subfield>
      <subfield code="g">USA</subfield>
      <subfield code="A">GND</subfield>
      <subfield code="B">GND-000550957</subfield>
      <subfield code="C">410</subfield>
    </datafield>
    <datafield tag="GKT" ind1="2" ind2=" ">
      <subfield code="a">Standards Institute</subfield>
      <subfield code="g">USA</subfield>
      <subfield code="A">GND</subfield>
      <subfield code="B">GND-000550957</subfield>
      <subfield code="C">410</subfield>
    </datafield>
    <datafield tag="GKT" ind1="2" ind2=" ">
      <subfield code="a">ANSI</subfield>
      <subfield code="4">abku</subfield>
      <subfield code="4">https://d-nb.info/standards/elementset/gnd#abbreviatedNameForTheCorporateBody</subfield>
      <subfield code="w">r</subfield>
      <subfield code="i">Abkuerzung</subfield>
      <subfield code="e">Abkuerzung</subfield>
      <subfield code="A">GND</subfield>
      <subfield code="B">GND-000550957</subfield>
      <subfield code="C">410</subfield>
    </datafield>
    <datafield tag="GSI" ind1="7" ind2=" ">
      <subfield code="a">55095-4</subfield>
      <subfield code="0">http://d-nb.info/gnd/55095-4</subfield>
      <subfield code="2">gnd</subfield>
      <subfield code="A">GND</subfield>
      <subfield code="B">GND-000550957</subfield>
      <subfield code="C">024</subfield>
    </datafield>
  </record>