
  <record>
    <leader>04121cam#a2200661#c#4500</leader>
    <controlfield tag="005">20210421172200.0</controlfield>
    <controlfield tag="007">tu</controlfield>
    <controlfield tag="008">191211|2020####gw############|||#|#ger#c</controlfield>
    <controlfield tag="003">DE-605</controlfield>
    <controlfield tag="001">990365065460206441</controlfield>
    <datafield tag="020" ind1=" " ind2=" ">
      <subfield code="a">9783527413720</subfield>
      <subfield code="c">EUR109.00</subfield>
      <subfield code="9">978-3-527-41372-0</subfield>
      <subfield code="0">(uri) http://www.isbnsearch.org/isbn/9783527413720</subfield>
    </datafield>
    <datafield tag="024" ind1="3" ind2=" ">
      <subfield code="a">9783527413720</subfield>
      <subfield code="0">(uri) http://www.isbnsearch.org/isbn/9783527413720</subfield>
    </datafield>
    <datafield tag="035" ind1=" " ind2=" ">
      <subfield code="a">(DE-605)HT020313959</subfield>
    </datafield>
    <datafield tag="040" ind1=" " ind2=" ">
      <subfield code="a">DE-605</subfield>
      <subfield code="b">ger</subfield>
      <subfield code="c">HBZ/BA</subfield>
      <subfield code="d">929</subfield>
      <subfield code="e">rda</subfield>
      <subfield code="d">DE-605</subfield>
    </datafield>
    <datafield tag="041" ind1=" " ind2=" ">
      <subfield code="a">ger</subfield>
    </datafield>
    <datafield tag="044" ind1=" " ind2=" ">
      <subfield code="c">XA-DE</subfield>
    </datafield>
    <datafield tag="084" ind1=" " ind2=" ">
      <subfield code="a">920</subfield>
      <subfield code="2">rpb</subfield>
    </datafield>
    <datafield tag="084" ind1=" " ind2=" ">
      <subfield code="a">900</subfield>
      <subfield code="2">rpb</subfield>
    </datafield>
    <datafield tag="100" ind1="1" ind2=" ">
      <subfield code="a">L&#xFC;ttgens, G&#xFC;nter</subfield>
      <subfield code="d">1933-</subfield>
      <subfield code="0">(DE-588)109296443</subfield>
      <subfield code="4">aut</subfield>
      <subfield code="0">(uri) https://portal.dnb.de/opac.htm?method=simpleSearch&amp;cqlMode=true&amp;query=idn=109296443</subfield>
      <subfield code="0">(uri) http://viaf.org/viaf/sourceID/DNB|109296443</subfield>
      <subfield code="B">GND-109296443</subfield>
    </datafield>
    <datafield tag="245" ind1="1" ind2="0">
      <subfield code="a">Statische Elektrizit&#xE4;t</subfield>
      <subfield code="b">Durchschauen - Kontrollieren - Einsetzen</subfield>
      <subfield code="c">G&#xFC;nter L&#xFC;ttgens, Wolfgang Schubert, Sylvia L&#xFC;ttgens, Ulrich von Pidoll und Stefan Emde</subfield>
    </datafield>
    <datafield tag="246" ind1="3" ind2=" ">
      <subfield code="a">Statische Elektrizit&#xE4;t : Durchschauen - &#xDC;berwachen - Anwenden</subfield>
    </datafield>
    <datafield tag="264" ind1=" " ind2="1">
      <subfield code="a">Weinheim, Germany</subfield>
      <subfield code="b">WILEY-VCH</subfield>
      <subfield code="c">[2020]</subfield>
    </datafield>
    <datafield tag="264" ind1=" " ind2="4">
      <subfield code="c">&#xA9; 2020</subfield>
    </datafield>
    <datafield tag="300" ind1=" " ind2=" ">
      <subfield code="a">XXII, 470 Seiten</subfield>
      <subfield code="b">Illustrationen</subfield>
      <subfield code="c">244 mm.</subfield>
    </datafield>
    <datafield tag="336" ind1=" " ind2=" ">
      <subfield code="b">txt</subfield>
    </datafield>
    <datafield tag="337" ind1=" " ind2=" ">
      <subfield code="b">n</subfield>
    </datafield>
    <datafield tag="338" ind1=" " ind2=" ">
      <subfield code="b">nc</subfield>
    </datafield>
    <datafield tag="520" ind1=" " ind2=" ">
      <subfield code="a">Verst&#xE4;ndnis und Kontrolle statischer Elektrizit&#xE4;t sind von elementarer Bedeutung in vielen Industriezweigen, in erster Linie mit Blick auf die potentiellen Gefahren. Daher sind die Erkennung und Vermeidung von Gefahren durch statische Aufladungen immer wichtiger geworden und haben die Entwicklung neuer und pr&#xE4;ziser Messmethoden bef&#xF6;rdert. Andererseits k&#xF6;nnen statische Aufladungen auch nutzbringend eingesetzt werden. Vielf&#xE4;ltige Anwendungen werden beschrieben.Statische Elektrizit&#xE4;t ? Durchschauen ? &#xDC;berwachen ? Anwenden informiert zun&#xE4;chst &#xFC;ber Brand- und Explosionsgefahren. Entstehung von Aufladung und daraus resultierende Entladungserscheinungen werden veranschaulicht.Ein gro&#xDF;er Teil des Buches befasst sich mit Messtechnik, Vermeidung von Gefahren und St&#xF6;rungen sowie Beseitigung unerw&#xFC;nschter Aufladung. Fallstudien und Beschreibung von Demonstrationsexperimenten vermitteln den Bezug zur Praxis.Ohne Normen geht es nicht; auch dar&#xFC;ber wird berichtet. Der stetig zunehmenden Anwendung statischer Elektrizit&#xE4;t ist ein eigenes Kapitel &#xFC;ber den gezielten Einsatz von Aufladungen vorbehalten und soll die Kreativit&#xE4;t der Leser anregen. Zu guter Letzt sind im Mathematischen Werkzeugkasten alle relevanten Formeln einsortiert.* Praxisperspektive: geschrieben von Autoren mit langj&#xE4;hriger Forschungs- und Beratungserfahrung* Durchblick: Beschreibung von Demonstrationsexperimenten zur besseren Veranschaulichung* Fallstudien: aus den Fehlern Anderer lernen* Zusatzmaterial: kurze Videos zeigen die - teils drastischen - Auswirkungen statischer Aufladungen</subfield>
    </datafield>
    <datafield tag="500" ind1=" " ind2=" ">
      <subfield code="a">Titelzusatz auf dem Umschlag: Durchschauen - &#xDC;berwachen - Anwenden</subfield>
    </datafield>
    <datafield tag="650" ind1=" " ind2="4">
      <subfield code="a">Arbeitssicherheit</subfield>
    </datafield>
    <datafield tag="650" ind1=" " ind2="4">
      <subfield code="a">Arbeitssicherheit u. Umweltschutz i. d. Chemie</subfield>
    </datafield>
    <datafield tag="650" ind1=" " ind2="4">
      <subfield code="a">Chemie</subfield>
    </datafield>
    <datafield tag="650" ind1=" " ind2="4">
      <subfield code="a">Elektrizit&#xE4;tslehre</subfield>
    </datafield>
    <datafield tag="650" ind1=" " ind2="4">
      <subfield code="a">Elektrotechnik u. Elektronik</subfield>
    </datafield>
    <datafield tag="650" ind1=" " ind2="4">
      <subfield code="a">Leistungselektronik</subfield>
    </datafield>
    <datafield tag="650" ind1=" " ind2="4">
      <subfield code="a">Physik</subfield>
    </datafield>
    <datafield tag="650" ind1=" " ind2="4">
      <subfield code="a">Statische Elektrizit&#xE4;t</subfield>
    </datafield>
    <datafield tag="653" ind1=" " ind2=" ">
      <subfield code="a">Technische Zuverl&#xE4;ssigkeit, Sicherheitstechnik</subfield>
    </datafield>
    <datafield tag="653" ind1=" " ind2=" ">
      <subfield code="a">Elektrotechnik</subfield>
    </datafield>
    <datafield tag="653" ind1=" " ind2=" ">
      <subfield code="a">Hardcover, Softcover / Technik/Elektronik, Elektrotechnik, Nachrichtentechnik</subfield>
    </datafield>
    <datafield tag="689" ind1="0" ind2="0">
      <subfield code="a">Elektrostatik</subfield>
      <subfield code="D">s</subfield>
      <subfield code="0">(DE-588)4151975-9</subfield>
      <subfield code="0">(uri) https://portal.dnb.de/opac.htm?method=simpleSearch&amp;cqlMode=true&amp;query=idn=041519752</subfield>
      <subfield code="0">(uri) http://viaf.org/viaf/sourceID/DNB|041519752</subfield>
      <subfield code="B">GND-041519752</subfield>
    </datafield>
    <datafield tag="689" ind1="0" ind2="1">
      <subfield code="a">Elektrostatische Aufladung</subfield>
      <subfield code="D">s</subfield>
      <subfield code="0">(DE-588)4194245-0</subfield>
      <subfield code="0">(uri) https://portal.dnb.de/opac.htm?method=simpleSearch&amp;cqlMode=true&amp;query=idn=041942450</subfield>
      <subfield code="0">(uri) http://viaf.org/viaf/sourceID/DNB|041942450</subfield>
      <subfield code="B">GND-041942450</subfield>
    </datafield>
    <datafield tag="689" ind1="0" ind2="2">
      <subfield code="a">Elektrostatische Entladung</subfield>
      <subfield code="D">s</subfield>
      <subfield code="0">(DE-588)4401020-5</subfield>
      <subfield code="0">(uri) https://portal.dnb.de/opac.htm?method=simpleSearch&amp;cqlMode=true&amp;query=idn=946780781</subfield>
      <subfield code="0">(uri) http://viaf.org/viaf/sourceID/DNB|946780781</subfield>
      <subfield code="B">GND-946780781</subfield>
    </datafield>
    <datafield tag="689" ind1="0" ind2="3">
      <subfield code="a">Gasentladung</subfield>
      <subfield code="D">s</subfield>
      <subfield code="0">(DE-588)4139645-5</subfield>
      <subfield code="0">(uri) https://portal.dnb.de/opac.htm?method=simpleSearch&amp;cqlMode=true&amp;query=idn=041396456</subfield>
      <subfield code="0">(uri) http://viaf.org/viaf/sourceID/DNB|041396456</subfield>
      <subfield code="B">GND-041396456</subfield>
    </datafield>
    <datafield tag="689" ind1="0" ind2="4">
      <subfield code="a">Messtechnik</subfield>
      <subfield code="D">s</subfield>
      <subfield code="0">(DE-588)4114575-6</subfield>
      <subfield code="0">(uri) https://portal.dnb.de/opac.htm?method=simpleSearch&amp;cqlMode=true&amp;query=idn=041145755</subfield>
      <subfield code="0">(uri) http://viaf.org/viaf/sourceID/DNB|041145755</subfield>
      <subfield code="B">GND-041145755</subfield>
    </datafield>
    <datafield tag="689" ind1="0" ind2="5">
      <subfield code="a">Elektrounfall</subfield>
      <subfield code="D">s</subfield>
      <subfield code="0">(DE-588)4014403-3</subfield>
      <subfield code="0">(uri) https://portal.dnb.de/opac.htm?method=simpleSearch&amp;cqlMode=true&amp;query=idn=040144038</subfield>
      <subfield code="0">(uri) http://viaf.org/viaf/sourceID/DNB|040144038</subfield>
      <subfield code="B">GND-040144038</subfield>
    </datafield>
    <datafield tag="689" ind1="0" ind2="6">
      <subfield code="a">Brandgefahr</subfield>
      <subfield code="D">s</subfield>
      <subfield code="0">(DE-588)4603129-7</subfield>
      <subfield code="0">(uri) https://portal.dnb.de/opac.htm?method=simpleSearch&amp;cqlMode=true&amp;query=idn=959686401</subfield>
      <subfield code="0">(uri) http://viaf.org/viaf/sourceID/DNB|959686401</subfield>
      <subfield code="B">GND-959686401</subfield>
    </datafield>
    <datafield tag="689" ind1="0" ind2="7">
      <subfield code="a">Explosion</subfield>
      <subfield code="D">s</subfield>
      <subfield code="0">(DE-588)4016009-9</subfield>
      <subfield code="0">(uri) https://portal.dnb.de/opac.htm?method=simpleSearch&amp;cqlMode=true&amp;query=idn=040160092</subfield>
      <subfield code="0">(uri) http://viaf.org/viaf/sourceID/DNB|040160092</subfield>
      <subfield code="B">GND-040160092</subfield>
    </datafield>
    <datafield tag="689" ind1="0" ind2="8">
      <subfield code="a">Arbeitssicherheit</subfield>
      <subfield code="D">s</subfield>
      <subfield code="0">(DE-588)4068817-3</subfield>
      <subfield code="0">(uri) https://portal.dnb.de/opac.htm?method=simpleSearch&amp;cqlMode=true&amp;query=idn=040688178</subfield>
      <subfield code="0">(uri) http://viaf.org/viaf/sourceID/DNB|040688178</subfield>
      <subfield code="B">GND-040688178</subfield>
    </datafield>
    <datafield tag="700" ind1="1" ind2=" ">
      <subfield code="a">L&#xFC;ttgens, Sylvia</subfield>
      <subfield code="d">1946-</subfield>
      <subfield code="0">(DE-588)1142576795</subfield>
      <subfield code="4">aut</subfield>
      <subfield code="0">(uri) https://portal.dnb.de/opac.htm?method=simpleSearch&amp;cqlMode=true&amp;query=idn=1142576795</subfield>
      <subfield code="0">(uri) http://viaf.org/viaf/sourceID/DNB|1142576795</subfield>
      <subfield code="B">GND-1142576795</subfield>
    </datafield>
    <datafield tag="700" ind1="1" ind2=" ">
      <subfield code="a">Emde, Stefan</subfield>
      <subfield code="d">1960-</subfield>
      <subfield code="0">(DE-588)1201773784</subfield>
      <subfield code="4">aut</subfield>
      <subfield code="0">(uri) https://portal.dnb.de/opac.htm?method=simpleSearch&amp;cqlMode=true&amp;query=idn=1201773784</subfield>
      <subfield code="0">(uri) http://viaf.org/viaf/sourceID/DNB|1201773784</subfield>
      <subfield code="B">GND-1201773784</subfield>
    </datafield>
    <datafield tag="700" ind1="1" ind2=" ">
      <subfield code="a">Pidoll, Ulrich &lt;&lt;von&gt;&gt;</subfield>
      <subfield code="4">aut</subfield>
    </datafield>
    <datafield tag="700" ind1="1" ind2=" ">
      <subfield code="a">Schubert, Wolfgang</subfield>
      <subfield code="d">1952-</subfield>
      <subfield code="0">(DE-588)1026875439</subfield>
      <subfield code="4">aut</subfield>
      <subfield code="0">(uri) https://portal.dnb.de/opac.htm?method=simpleSearch&amp;cqlMode=true&amp;query=idn=1026875439</subfield>
      <subfield code="0">(uri) http://viaf.org/viaf/sourceID/DNB|1026875439</subfield>
      <subfield code="B">GND-1026875439</subfield>
    </datafield>
    <datafield tag="856" ind1="4" ind2="2">
      <subfield code="m">B:DE-101</subfield>
      <subfield code="q">application/pdf</subfield>
      <subfield code="u">http://digitale-objekte.hbz-nrw.de/storage2/2020/02/06/file_16/8817236.pdf</subfield>
      <subfield code="3">Inhaltsverzeichnis</subfield>
      <subfield code="9">O:PKN</subfield>
    </datafield>
    <datafield tag="964" ind1="0" ind2="s">
      <subfield code="F">051</subfield>
      <subfield code="A">m|||||||</subfield>
    </datafield>
    <datafield tag="964" ind1="0" ind2="s">
      <subfield code="F">030</subfield>
      <subfield code="A">a|||r||||||17</subfield>
    </datafield>
    <datafield tag="964" ind1="0" ind2="s">
      <subfield code="F">050</subfield>
      <subfield code="A">a|||||||||||||</subfield>
    </datafield>
    <datafield tag="035" ind1=" " ind2=" ">
      <subfield code="a">(ELiSA)ELiSA-9783527413720</subfield>
    </datafield>
    <datafield tag="035" ind1=" " ind2=" ">
      <subfield code="a">(DE-599)HBZHT020313959</subfield>
    </datafield>
    <datafield tag="MBD" ind1=" " ind2=" ">
      <subfield code="M">49HBZ_NETWORK</subfield>
      <subfield code="i">990365065460206441</subfield>
      <subfield code="n">HBZ Network</subfield>
    </datafield>
    <datafield tag="MBD" ind1=" " ind2=" ">
      <subfield code="M">49HBZ_FHA</subfield>
      <subfield code="i">991001366429706444</subfield>
      <subfield code="n">FHB Aachen</subfield>
    </datafield>
    <datafield tag="020" ind1=" " ind2=" ">
      <subfield code="a">9783527413720</subfield>
      <subfield code="c">EUR109.00</subfield>
      <subfield code="9">978-3-527-41372-0</subfield>
      <subfield code="M">49HBZ_FHA</subfield>
    </datafield>
    <datafield tag="856" ind1="4" ind2="2">
      <subfield code="m">B:DE-101</subfield>
      <subfield code="q">application/pdf</subfield>
      <subfield code="u">http://digitale-objekte.hbz-nrw.de/storage2/2020/02/06/file_16/8817236.pdf</subfield>
      <subfield code="3">Inhaltsverzeichnis</subfield>
      <subfield code="9">O:PKN</subfield>
      <subfield code="M">49HBZ_FHA</subfield>
    </datafield>
    <datafield tag="980" ind1="1" ind2=" ">
      <subfield code="e">HBZ</subfield>
      <subfield code="9">LOCAL</subfield>
      <subfield code="M">49HBZ_FHA</subfield>
    </datafield>
    <datafield tag="981" ind1=" " ind2=" ">
      <subfield code="a">(A96)940901</subfield>
      <subfield code="9">LOCAL</subfield>
      <subfield code="M">49HBZ_FHA</subfield>
    </datafield>
    <datafield tag="982" ind1=" " ind2=" ">
      <subfield code="a">Arbeitssicherheit</subfield>
      <subfield code="2">unaufgegliedert</subfield>
      <subfield code="9">LOCAL</subfield>
      <subfield code="M">49HBZ_FHA</subfield>
    </datafield>
    <datafield tag="982" ind1=" " ind2=" ">
      <subfield code="a">Arbeitssicherheit u. Umweltschutz i. d. Chemie</subfield>
      <subfield code="2">unaufgegliedert</subfield>
      <subfield code="9">LOCAL</subfield>
      <subfield code="M">49HBZ_FHA</subfield>
    </datafield>
    <datafield tag="982" ind1=" " ind2=" ">
      <subfield code="a">Chemie</subfield>
      <subfield code="2">unaufgegliedert</subfield>
      <subfield code="9">LOCAL</subfield>
      <subfield code="M">49HBZ_FHA</subfield>
    </datafield>
    <datafield tag="982" ind1=" " ind2=" ">
      <subfield code="a">Elektrizit&#xE4;tslehre</subfield>
      <subfield code="2">unaufgegliedert</subfield>
      <subfield code="9">LOCAL</subfield>
      <subfield code="M">49HBZ_FHA</subfield>
    </datafield>
    <datafield tag="982" ind1=" " ind2=" ">
      <subfield code="a">Elektrotechnik u. Elektronik</subfield>
      <subfield code="2">unaufgegliedert</subfield>
      <subfield code="9">LOCAL</subfield>
      <subfield code="M">49HBZ_FHA</subfield>
    </datafield>
    <datafield tag="982" ind1=" " ind2=" ">
      <subfield code="a">Leistungselektronik</subfield>
      <subfield code="2">unaufgegliedert</subfield>
      <subfield code="9">LOCAL</subfield>
      <subfield code="M">49HBZ_FHA</subfield>
    </datafield>
    <datafield tag="982" ind1=" " ind2=" ">
      <subfield code="a">Physik</subfield>
      <subfield code="2">unaufgegliedert</subfield>
      <subfield code="9">LOCAL</subfield>
      <subfield code="M">49HBZ_FHA</subfield>
    </datafield>
    <datafield tag="982" ind1=" " ind2=" ">
      <subfield code="a">Statische Elektrizit&#xE4;t</subfield>
      <subfield code="2">unaufgegliedert</subfield>
      <subfield code="9">LOCAL</subfield>
      <subfield code="M">49HBZ_FHA</subfield>
    </datafield>
    <datafield tag="983" ind1=" " ind2=" ">
      <subfield code="b">UEC</subfield>
      <subfield code="9">LOCAL</subfield>
      <subfield code="M">49HBZ_FHA</subfield>
    </datafield>
    <datafield tag="989" ind1=" " ind2=" ">
      <subfield code="a">neu2001</subfield>
      <subfield code="9">LOCAL</subfield>
      <subfield code="M">49HBZ_FHA</subfield>
    </datafield>
    <datafield tag="997" ind1=" " ind2=" ">
      <subfield code="a">20191211</subfield>
      <subfield code="9">LOCAL</subfield>
      <subfield code="M">49HBZ_FHA</subfield>
    </datafield>
    <datafield tag="MNG" ind1=" " ind2=" ">
      <subfield code="c">System</subfield>
      <subfield code="f">HBZ</subfield>
      <subfield code="i">marc21</subfield>
      <subfield code="h">20210421172200.0</subfield>
      <subfield code="k">01</subfield>
      <subfield code="e">false</subfield>
      <subfield code="d">2021-04-24 08:37:07 Europe/Berlin</subfield>
      <subfield code="g">036506546-HBZ01</subfield>
      <subfield code="j">60</subfield>
      <subfield code="a">import</subfield>
      <subfield code="b">2021-04-06 03:33:18 Europe/Berlin</subfield>
    </datafield>
    <datafield tag="H52" ind1="8" ind2=" ">
      <subfield code="b">JUE</subfield>
      <subfield code="c">JUE_Frei</subfield>
      <subfield code="h">61 UEC 6</subfield>
      <subfield code="8">2283429350006444</subfield>
    </datafield>
    <datafield tag="HOL" ind1=" " ind2=" ">
      <subfield code="b">2021-04-20 15:45:53</subfield>
      <subfield code="8">2283429350006444</subfield>
      <subfield code="M">49HBZ_FHA</subfield>
      <subfield code="g">false</subfield>
      <subfield code="a">import</subfield>
    </datafield>
    <datafield tag="ITM" ind1=" " ind2=" ">
      <subfield code="H">2283429350006444</subfield>
      <subfield code="x">JUE_Frei</subfield>
      <subfield code="f">BOOK</subfield>
      <subfield code="v">JUE_Frei</subfield>
      <subfield code="X">System</subfield>
      <subfield code="U">2021-04-20 10:59:00</subfield>
      <subfield code="Y">2021-04-20 15:46:33</subfield>
      <subfield code="h">false</subfield>
      <subfield code="P">ClassificationNo: 1410</subfield>
      <subfield code="G">1</subfield>
      <subfield code="Q">Fernleihkonditionen: 0</subfield>
      <subfield code="M">49HBZ_FHA</subfield>
      <subfield code="s">1</subfield>
      <subfield code="d">8</subfield>
      <subfield code="V">import</subfield>
      <subfield code="b">61 UEC 6</subfield>
      <subfield code="O">SISIS-Ausleihz&#xE4;hler Migrationsjahr: 0 | SISIS-Ausleihz&#xE4;hler Vor-Migrationsjahr: 1 | SISIS-Ausleihz&#xE4;hler vorletztes Migrationsjahr: 0 | SISIS-Vormerkz&#xE4;hler Migrationsjahr: 0</subfield>
      <subfield code="N">SISIS-Buchdaten-Aufnahmedatum: 2020-01-14 | Altersbegrenzung: 0</subfield>
      <subfield code="a">2383429340006444</subfield>
      <subfield code="c">61 UEC 6</subfield>
      <subfield code="B">20/39</subfield>
      <subfield code="W">2021-04-20 15:45:53</subfield>
      <subfield code="u">JUE</subfield>
      <subfield code="w">JUE</subfield>
    </datafield>
    <datafield tag="GPN" ind1="1" ind2=" ">
      <subfield code="a">Lu&#x308;ttgens, G.</subfield>
      <subfield code="d">1933-</subfield>
      <subfield code="A">GND</subfield>
      <subfield code="B">GND-109296443</subfield>
      <subfield code="C">400</subfield>
    </datafield>
    <datafield tag="GSI" ind1="7" ind2=" ">
      <subfield code="a">http://d-nb.info/gnd/109296443</subfield>
      <subfield code="2">uri</subfield>
      <subfield code="A">GND</subfield>
      <subfield code="B">GND-109296443</subfield>
      <subfield code="C">024</subfield>
    </datafield>
    <datafield tag="GST" ind1=" " ind2=" ">
      <subfield code="a">Gefahrenschutz</subfield>
      <subfield code="x">Betrieb</subfield>
      <subfield code="A">GND</subfield>
      <subfield code="B">GND-040688178</subfield>
      <subfield code="C">450</subfield>
    </datafield>
    <datafield tag="GST" ind1=" " ind2=" ">
      <subfield code="a">Technischer Arbeitsschutz</subfield>
      <subfield code="A">GND</subfield>
      <subfield code="B">GND-040688178</subfield>
      <subfield code="C">450</subfield>
    </datafield>
    <datafield tag="GSI" ind1="7" ind2=" ">
      <subfield code="a">http://d-nb.info/gnd/4068817-3</subfield>
      <subfield code="2">uri</subfield>
      <subfield code="A">GND</subfield>
      <subfield code="B">GND-040688178</subfield>
      <subfield code="C">024</subfield>
    </datafield>
    <datafield tag="GSI" ind1="7" ind2=" ">
      <subfield code="a">http://d-nb.info/gnd/4016009-9</subfield>
      <subfield code="2">uri</subfield>
      <subfield code="A">GND</subfield>
      <subfield code="B">GND-040160092</subfield>
      <subfield code="C">024</subfield>
    </datafield>
    <datafield tag="GST" ind1=" " ind2=" ">
      <subfield code="a">Brand</subfield>
      <subfield code="x">Gefahr</subfield>
      <subfield code="A">GND</subfield>
      <subfield code="B">GND-959686401</subfield>
      <subfield code="C">450</subfield>
    </datafield>
    <datafield tag="GST" ind1=" " ind2=" ">
      <subfield code="a">Feuergefahr</subfield>
      <subfield code="A">GND</subfield>
      <subfield code="B">GND-959686401</subfield>
      <subfield code="C">450</subfield>
    </datafield>
    <datafield tag="GSI" ind1="7" ind2=" ">
      <subfield code="a">http://d-nb.info/gnd/4603129-7</subfield>
      <subfield code="2">uri</subfield>
      <subfield code="A">GND</subfield>
      <subfield code="B">GND-959686401</subfield>
      <subfield code="C">024</subfield>
    </datafield>
    <datafield tag="GST" ind1=" " ind2=" ">
      <subfield code="a">Elektrischer Unfall</subfield>
      <subfield code="A">GND</subfield>
      <subfield code="B">GND-040144038</subfield>
      <subfield code="C">450</subfield>
    </datafield>
    <datafield tag="GST" ind1=" " ind2=" ">
      <subfield code="a">Elektrotrauma</subfield>
      <subfield code="A">GND</subfield>
      <subfield code="B">GND-040144038</subfield>
      <subfield code="C">450</subfield>
    </datafield>
    <datafield tag="GSI" ind1="7" ind2=" ">
      <subfield code="a">http://d-nb.info/gnd/4014403-3</subfield>
      <subfield code="2">uri</subfield>
      <subfield code="A">GND</subfield>
      <subfield code="B">GND-040144038</subfield>
      <subfield code="C">024</subfield>
    </datafield>
    <datafield tag="GSI" ind1="7" ind2=" ">
      <subfield code="a">http://d-nb.info/gnd/4114575-6</subfield>
      <subfield code="2">uri</subfield>
      <subfield code="A">GND</subfield>
      <subfield code="B">GND-041145755</subfield>
      <subfield code="C">024</subfield>
    </datafield>
    <datafield tag="GST" ind1=" " ind2=" ">
      <subfield code="a">Gas discharge</subfield>
      <subfield code="A">GND</subfield>
      <subfield code="B">GND-041396456</subfield>
      <subfield code="C">450</subfield>
    </datafield>
    <datafield tag="GST" ind1=" " ind2=" ">
      <subfield code="a">Gaseous discharge</subfield>
      <subfield code="A">GND</subfield>
      <subfield code="B">GND-041396456</subfield>
      <subfield code="C">450</subfield>
    </datafield>
    <datafield tag="GSI" ind1="7" ind2=" ">
      <subfield code="a">4139645-5</subfield>
      <subfield code="0">http://d-nb.info/gnd/4139645-5</subfield>
      <subfield code="2">gnd</subfield>
      <subfield code="A">GND</subfield>
      <subfield code="B">GND-041396456</subfield>
      <subfield code="C">024</subfield>
    </datafield>
    <datafield tag="GST" ind1=" " ind2=" ">
      <subfield code="a">Electrostatic discharge</subfield>
      <subfield code="A">GND</subfield>
      <subfield code="B">GND-946780781</subfield>
      <subfield code="C">450</subfield>
    </datafield>
    <datafield tag="GST" ind1=" " ind2=" ">
      <subfield code="a">ESD</subfield>
      <subfield code="A">GND</subfield>
      <subfield code="B">GND-946780781</subfield>
      <subfield code="C">450</subfield>
    </datafield>
    <datafield tag="GSI" ind1="7" ind2=" ">
      <subfield code="a">http://d-nb.info/gnd/4401020-5</subfield>
      <subfield code="2">uri</subfield>
      <subfield code="A">GND</subfield>
      <subfield code="B">GND-946780781</subfield>
      <subfield code="C">024</subfield>
    </datafield>
    <datafield tag="GST" ind1=" " ind2=" ">
      <subfield code="a">Statische Elektrizita&#x308;t</subfield>
      <subfield code="A">GND</subfield>
      <subfield code="B">GND-041942450</subfield>
      <subfield code="C">450</subfield>
    </datafield>
    <datafield tag="GSI" ind1="7" ind2=" ">
      <subfield code="a">http://d-nb.info/gnd/4194245-0</subfield>
      <subfield code="2">uri</subfield>
      <subfield code="A">GND</subfield>
      <subfield code="B">GND-041942450</subfield>
      <subfield code="C">024</subfield>
    </datafield>
    <datafield tag="GSI" ind1="7" ind2=" ">
      <subfield code="a">http://d-nb.info/gnd/4151975-9</subfield>
      <subfield code="2">uri</subfield>
      <subfield code="A">GND</subfield>
      <subfield code="B">GND-041519752</subfield>
      <subfield code="C">024</subfield>
    </datafield>
    <datafield tag="GSI" ind1="7" ind2=" ">
      <subfield code="a">http://d-nb.info/gnd/1026875439</subfield>
      <subfield code="2">uri</subfield>
      <subfield code="A">GND</subfield>
      <subfield code="B">GND-1026875439</subfield>
      <subfield code="C">024</subfield>
    </datafield>
    <datafield tag="GSI" ind1="7" ind2=" ">
      <subfield code="a">1201773784</subfield>
      <subfield code="0">http://d-nb.info/gnd/1201773784</subfield>
      <subfield code="2">gnd</subfield>
      <subfield code="A">GND</subfield>
      <subfield code="B">GND-1201773784</subfield>
      <subfield code="C">024</subfield>
    </datafield>
    <datafield tag="GSI" ind1="7" ind2=" ">
      <subfield code="a">http://d-nb.info/gnd/1142576795</subfield>
      <subfield code="2">uri</subfield>
      <subfield code="A">GND</subfield>
      <subfield code="B">GND-1142576795</subfield>
      <subfield code="C">024</subfield>
    </datafield>
  </record>