
  <record>
    <leader>00861nam#a2200301#ca4500</leader>
    <controlfield tag="005">20210408111939.0</controlfield>
    <controlfield tag="007">tu</controlfield>
    <controlfield tag="008">010629m20019999gw#####|######|||#u#ger#c</controlfield>
    <controlfield tag="003">DE-605</controlfield>
    <controlfield tag="001">990113988060206441</controlfield>
    <datafield tag="016" ind1="7" ind2=" ">
      <subfield code="a">723007348</subfield>
      <subfield code="2">OCoLC</subfield>
    </datafield>
    <datafield tag="020" ind1=" " ind2=" ">
      <subfield code="a">3476018288</subfield>
      <subfield code="9">3-476-01828-8</subfield>
      <subfield code="0">(uri) http://www.isbnsearch.org/isbn/3476018288</subfield>
    </datafield>
    <datafield tag="035" ind1=" " ind2=" ">
      <subfield code="a">(DE-605)HT013072137</subfield>
    </datafield>
    <datafield tag="040" ind1=" " ind2=" ">
      <subfield code="a">61</subfield>
      <subfield code="b">ger</subfield>
      <subfield code="c">292</subfield>
      <subfield code="d">468</subfield>
      <subfield code="e">rakddb</subfield>
    </datafield>
    <datafield tag="041" ind1=" " ind2=" ">
      <subfield code="a">ger</subfield>
    </datafield>
    <datafield tag="044" ind1=" " ind2=" ">
      <subfield code="c">XA-DE</subfield>
    </datafield>
    <datafield tag="084" ind1=" " ind2=" ">
      <subfield code="a">200</subfield>
      <subfield code="2">rpb</subfield>
    </datafield>
    <datafield tag="090" ind1=" " ind2=" ">
      <subfield code="h">h</subfield>
    </datafield>
    <datafield tag="245" ind1="0" ind2="0">
      <subfield code="a">Brecht-Handbuch</subfield>
      <subfield code="b">in f&#xFC;nf B&#xE4;nden</subfield>
      <subfield code="c">hrsg. von Jan Knopf</subfield>
    </datafield>
    <datafield tag="250" ind1=" " ind2=" ">
      <subfield code="a">[Neubearb.]</subfield>
    </datafield>
    <datafield tag="264" ind1=" " ind2="1">
      <subfield code="a">Stuttgart [u.a.]</subfield>
      <subfield code="b">Metzler</subfield>
      <subfield code="c">2001-</subfield>
    </datafield>
    <datafield tag="689" ind1="0" ind2="0">
      <subfield code="a">Brecht, Bertolt</subfield>
      <subfield code="d">1898-1956</subfield>
      <subfield code="D">p</subfield>
      <subfield code="0">(DE-588)118514768</subfield>
      <subfield code="0">(uri) https://portal.dnb.de/opac.htm?method=simpleSearch&amp;cqlMode=true&amp;query=idn=118514768</subfield>
      <subfield code="0">(uri) http://viaf.org/viaf/sourceID/DNB|118514768</subfield>
      <subfield code="B">GND-118514768</subfield>
    </datafield>
    <datafield tag="700" ind1="1" ind2=" ">
      <subfield code="a">Knopf, Jan</subfield>
      <subfield code="d">1944-</subfield>
      <subfield code="0">(DE-588)116260092</subfield>
      <subfield code="4">edt</subfield>
      <subfield code="0">(uri) https://portal.dnb.de/opac.htm?method=simpleSearch&amp;cqlMode=true&amp;query=idn=116260092</subfield>
      <subfield code="0">(uri) http://viaf.org/viaf/sourceID/DNB|116260092</subfield>
      <subfield code="B">GND-116260092</subfield>
    </datafield>
    <datafield tag="964" ind1="0" ind2="s">
      <subfield code="F">030</subfield>
      <subfield code="A">a|1uaz|z|||37</subfield>
    </datafield>
    <datafield tag="964" ind1="0" ind2="s">
      <subfield code="F">050</subfield>
      <subfield code="A">a|a|||||||||||</subfield>
    </datafield>
    <datafield tag="964" ind1="0" ind2="s">
      <subfield code="F">051</subfield>
      <subfield code="A">n|||z|||</subfield>
    </datafield>
    <datafield tag="035" ind1=" " ind2=" ">
      <subfield code="a">(OCoLC)723007348</subfield>
      <subfield code="0">(uri) http://www.worldcat.org/oclc/723007348</subfield>
    </datafield>
    <datafield tag="035" ind1=" " ind2=" ">
      <subfield code="a">(DE-599)HBZHT013072137</subfield>
    </datafield>
    <datafield tag="MBD" ind1=" " ind2=" ">
      <subfield code="M">49HBZ_NETWORK</subfield>
      <subfield code="i">990113988060206441</subfield>
      <subfield code="n">HBZ Network</subfield>
    </datafield>
    <datafield tag="MBD" ind1=" " ind2=" ">
      <subfield code="M">49HBZ_BIE</subfield>
      <subfield code="i">991020916039706442</subfield>
      <subfield code="n">UB Bielefeld</subfield>
    </datafield>
    <datafield tag="020" ind1=" " ind2=" ">
      <subfield code="a">3476018288</subfield>
      <subfield code="9">3-476-01828-8</subfield>
      <subfield code="M">49HBZ_BIE</subfield>
    </datafield>
    <datafield tag="980" ind1="1" ind2=" ">
      <subfield code="e">HBZ</subfield>
      <subfield code="9">LOCAL</subfield>
      <subfield code="M">49HBZ_BIE</subfield>
    </datafield>
    <datafield tag="981" ind1=" " ind2=" ">
      <subfield code="a">(DE-361)1824545</subfield>
      <subfield code="9">LOCAL</subfield>
      <subfield code="M">49HBZ_BIE</subfield>
    </datafield>
    <datafield tag="997" ind1=" " ind2=" ">
      <subfield code="a">20020121</subfield>
      <subfield code="9">LOCAL</subfield>
      <subfield code="M">49HBZ_BIE</subfield>
    </datafield>
    <datafield tag="MBD" ind1=" " ind2=" ">
      <subfield code="M">49HBZ_UBD</subfield>
      <subfield code="i">991001187389706445</subfield>
      <subfield code="n">UB Dortmund</subfield>
    </datafield>
    <datafield tag="020" ind1=" " ind2=" ">
      <subfield code="a">3476018288</subfield>
      <subfield code="9">3-476-01828-8</subfield>
      <subfield code="M">49HBZ_UBD</subfield>
    </datafield>
    <datafield tag="980" ind1="1" ind2=" ">
      <subfield code="e">HBZ</subfield>
      <subfield code="9">LOCAL</subfield>
      <subfield code="M">49HBZ_UBD</subfield>
    </datafield>
    <datafield tag="981" ind1=" " ind2=" ">
      <subfield code="a">(DE-290)894618</subfield>
      <subfield code="9">LOCAL</subfield>
      <subfield code="M">49HBZ_UBD</subfield>
    </datafield>
    <datafield tag="997" ind1=" " ind2=" ">
      <subfield code="a">20010718</subfield>
      <subfield code="9">LOCAL</subfield>
      <subfield code="M">49HBZ_UBD</subfield>
    </datafield>
    <datafield tag="MBD" ind1=" " ind2=" ">
      <subfield code="M">49HBZ_UDE</subfield>
      <subfield code="i">990008565420206446</subfield>
      <subfield code="n">UB Duisburg-Essen</subfield>
    </datafield>
    <datafield tag="020" ind1=" " ind2=" ">
      <subfield code="a">3476018288</subfield>
      <subfield code="9">3-476-01828-8</subfield>
      <subfield code="M">49HBZ_UDE</subfield>
    </datafield>
    <datafield tag="983" ind1=" " ind2=" ">
      <subfield code="b">CQFJ</subfield>
      <subfield code="9">LOCAL</subfield>
      <subfield code="M">49HBZ_UDE</subfield>
    </datafield>
    <datafield tag="MBD" ind1=" " ind2=" ">
      <subfield code="M">49HBZ_WUP</subfield>
      <subfield code="i">990008494220206447</subfield>
      <subfield code="n">UB Wuppertal</subfield>
    </datafield>
    <datafield tag="020" ind1=" " ind2=" ">
      <subfield code="a">3476018288</subfield>
      <subfield code="9">3-476-01828-8</subfield>
      <subfield code="M">49HBZ_WUP</subfield>
    </datafield>
    <datafield tag="MBD" ind1=" " ind2=" ">
      <subfield code="M">49HBZ_DUE</subfield>
      <subfield code="i">990013861130206443</subfield>
      <subfield code="n">ULB D&#xFC;sseldorf</subfield>
    </datafield>
    <datafield tag="020" ind1=" " ind2=" ">
      <subfield code="a">3476018288</subfield>
      <subfield code="9">3-476-01828-8</subfield>
      <subfield code="M">49HBZ_DUE</subfield>
    </datafield>
    <datafield tag="980" ind1="1" ind2=" ">
      <subfield code="a">vf-m</subfield>
      <subfield code="9">LOCAL</subfield>
      <subfield code="M">49HBZ_DUE</subfield>
    </datafield>
    <datafield tag="983" ind1=" " ind2=" ">
      <subfield code="a">gerw21500</subfield>
      <subfield code="9">LOCAL</subfield>
      <subfield code="M">49HBZ_DUE</subfield>
    </datafield>
    <datafield tag="996" ind1=" " ind2=" ">
      <subfield code="a">Band</subfield>
      <subfield code="9">LOCAL</subfield>
      <subfield code="M">49HBZ_DUE</subfield>
    </datafield>
    <datafield tag="996" ind1=" " ind2=" ">
      <subfield code="a">Bindung</subfield>
      <subfield code="9">LOCAL</subfield>
      <subfield code="M">49HBZ_DUE</subfield>
    </datafield>
    <datafield tag="996" ind1=" " ind2=" ">
      <subfield code="a">Brecht</subfield>
      <subfield code="9">LOCAL</subfield>
      <subfield code="M">49HBZ_DUE</subfield>
    </datafield>
    <datafield tag="996" ind1=" " ind2=" ">
      <subfield code="a">Handbuch</subfield>
      <subfield code="9">LOCAL</subfield>
      <subfield code="M">49HBZ_DUE</subfield>
    </datafield>
    <datafield tag="MNG" ind1=" " ind2=" ">
      <subfield code="c">System</subfield>
      <subfield code="f">ILS</subfield>
      <subfield code="i">marc21</subfield>
      <subfield code="k">01</subfield>
      <subfield code="e">false</subfield>
      <subfield code="d">2021-04-08 11:19:39 Europe/Berlin</subfield>
      <subfield code="g">011398806-HBZ01</subfield>
      <subfield code="j">60</subfield>
      <subfield code="a">import</subfield>
      <subfield code="b">2021-04-05 16:48:22 Europe/Berlin</subfield>
    </datafield>
    <datafield tag="H52" ind1="8" ind2="1">
      <subfield code="b">D0001</subfield>
      <subfield code="c">DHS</subfield>
      <subfield code="h">CQFJ1099_d &lt;&lt;Grundsignatur&gt;&gt;</subfield>
      <subfield code="8">22406011510006446</subfield>
    </datafield>
    <datafield tag="HOL" ind1=" " ind2=" ">
      <subfield code="b">2021-04-15 17:51:32</subfield>
      <subfield code="8">22406011510006446</subfield>
      <subfield code="M">49HBZ_UDE</subfield>
      <subfield code="g">false</subfield>
      <subfield code="a">import</subfield>
    </datafield>
    <datafield tag="H52" ind1="8" ind2="1">
      <subfield code="b">E0001</subfield>
      <subfield code="c">EHS</subfield>
      <subfield code="h">CQFJ1057 &lt;&lt;Grundsignatur&gt;&gt;</subfield>
      <subfield code="8">22406011520006446</subfield>
    </datafield>
    <datafield tag="HOL" ind1=" " ind2=" ">
      <subfield code="b">2021-04-15 17:51:32</subfield>
      <subfield code="8">22406011520006446</subfield>
      <subfield code="M">49HBZ_UDE</subfield>
      <subfield code="g">false</subfield>
      <subfield code="a">import</subfield>
    </datafield>
    <datafield tag="GSI" ind1="7" ind2=" ">
      <subfield code="a">http://d-nb.info/gnd/116260092</subfield>
      <subfield code="2">uri</subfield>
      <subfield code="A">GND</subfield>
      <subfield code="B">GND-116260092</subfield>
      <subfield code="C">024</subfield>
    </datafield>
    <datafield tag="GPN" ind1="1" ind2=" ">
      <subfield code="a">Br&#xEA;cht, Becton</subfield>
      <subfield code="d">1898-1956</subfield>
      <subfield code="A">GND</subfield>
      <subfield code="B">GND-118514768</subfield>
      <subfield code="C">400</subfield>
    </datafield>
    <datafield tag="GPN" ind1="1" ind2=" ">
      <subfield code="a">Brecht, Bertol&#x2B9;t</subfield>
      <subfield code="d">1898-1956</subfield>
      <subfield code="A">GND</subfield>
      <subfield code="B">GND-118514768</subfield>
      <subfield code="C">400</subfield>
    </datafield>
    <datafield tag="GPN" ind1="1" ind2=" ">
      <subfield code="a">Brecht, B.</subfield>
      <subfield code="d">1898-1956</subfield>
      <subfield code="A">GND</subfield>
      <subfield code="B">GND-118514768</subfield>
      <subfield code="C">400</subfield>
    </datafield>
    <datafield tag="GPN" ind1="1" ind2=" ">
      <subfield code="a">Brecht, Eugen Berthold Friedrich</subfield>
      <subfield code="d">1898-1956</subfield>
      <subfield code="9">v:Geburtsname</subfield>
      <subfield code="A">GND</subfield>
      <subfield code="B">GND-118514768</subfield>
      <subfield code="C">400</subfield>
    </datafield>
    <datafield tag="GPN" ind1="1" ind2=" ">
      <subfield code="a">Brecht, ...</subfield>
      <subfield code="d">1898-1956</subfield>
      <subfield code="A">GND</subfield>
      <subfield code="B">GND-118514768</subfield>
      <subfield code="C">400</subfield>
    </datafield>
    <datafield tag="GPN" ind1="1" ind2=" ">
      <subfield code="a">Brecht-Eisler, ...</subfield>
      <subfield code="d">1898-1956</subfield>
      <subfield code="9">v:Scheinbarer Doppelname</subfield>
      <subfield code="A">GND</subfield>
      <subfield code="B">GND-118514768</subfield>
      <subfield code="C">400</subfield>
    </datafield>
    <datafield tag="GPN" ind1="0" ind2=" ">
      <subfield code="a">Beituo'erte-Bulaixite</subfield>
      <subfield code="d">1898-1956</subfield>
      <subfield code="A">GND</subfield>
      <subfield code="B">GND-118514768</subfield>
      <subfield code="C">400</subfield>
    </datafield>
    <datafield tag="GPN" ind1="1" ind2=" ">
      <subfield code="a">Berchito, B.</subfield>
      <subfield code="d">1898-1956</subfield>
      <subfield code="A">GND</subfield>
      <subfield code="B">GND-118514768</subfield>
      <subfield code="C">400</subfield>
    </datafield>
    <datafield tag="GPN" ind1="1" ind2=" ">
      <subfield code="a">Brechtas, B.</subfield>
      <subfield code="d">1898-1956</subfield>
      <subfield code="A">GND</subfield>
      <subfield code="B">GND-118514768</subfield>
      <subfield code="C">400</subfield>
    </datafield>
    <datafield tag="GPN" ind1="1" ind2=" ">
      <subfield code="a">Brechts, Bertolts</subfield>
      <subfield code="d">1898-1956</subfield>
      <subfield code="A">GND</subfield>
      <subfield code="B">GND-118514768</subfield>
      <subfield code="C">400</subfield>
    </datafield>
    <datafield tag="GPN" ind1="1" ind2=" ">
      <subfield code="a">Bre&#x1E96;t, ...</subfield>
      <subfield code="d">1898-1956</subfield>
      <subfield code="A">GND</subfield>
      <subfield code="B">GND-118514768</subfield>
      <subfield code="C">400</subfield>
    </datafield>
    <datafield tag="GPN" ind1="1" ind2=" ">
      <subfield code="a">Bre&#x1E96;t, Bartolt</subfield>
      <subfield code="d">1898-1956</subfield>
      <subfield code="A">GND</subfield>
      <subfield code="B">GND-118514768</subfield>
      <subfield code="C">400</subfield>
    </datafield>
    <datafield tag="GPN" ind1="1" ind2=" ">
      <subfield code="a">Bre&#x1E96;t, Bart&#x16B;lt</subfield>
      <subfield code="d">1898-1956</subfield>
      <subfield code="A">GND</subfield>
      <subfield code="B">GND-118514768</subfield>
      <subfield code="C">400</subfield>
    </datafield>
    <datafield tag="GPN" ind1="1" ind2=" ">
      <subfield code="a">Brehts, Bertolts</subfield>
      <subfield code="d">1898-1956</subfield>
      <subfield code="A">GND</subfield>
      <subfield code="B">GND-118514768</subfield>
      <subfield code="C">400</subfield>
    </datafield>
    <datafield tag="GPN" ind1="1" ind2=" ">
      <subfield code="a">Bre&#x1E33;h&#x1E6D;, B&#x101;r&#x1E6D;ol&#x1E6D;</subfield>
      <subfield code="d">1898-1956</subfield>
      <subfield code="A">GND</subfield>
      <subfield code="B">GND-118514768</subfield>
      <subfield code="C">400</subfield>
    </datafield>
    <datafield tag="GPN" ind1="1" ind2=" ">
      <subfield code="a">Brekt, Ber&#x1E6D;ol&#x1E6D;</subfield>
      <subfield code="d">1898-1956</subfield>
      <subfield code="A">GND</subfield>
      <subfield code="B">GND-118514768</subfield>
      <subfield code="C">400</subfield>
    </datafield>
    <datafield tag="GPN" ind1="1" ind2=" ">
      <subfield code="a">Brek&#x1E6D;, Ber&#x1E6D;&#x14D;l&#x1E6D;</subfield>
      <subfield code="d">1898-1956</subfield>
      <subfield code="A">GND</subfield>
      <subfield code="B">GND-118514768</subfield>
      <subfield code="C">400</subfield>
    </datafield>
    <datafield tag="GPN" ind1="1" ind2=" ">
      <subfield code="a">Bre&#x1E33;&#x1E6D;, Ber&#x1E6D;&#xF4;l&#x1E6D;</subfield>
      <subfield code="d">1898-1956</subfield>
      <subfield code="A">GND</subfield>
      <subfield code="B">GND-118514768</subfield>
      <subfield code="C">400</subfield>
    </datafield>
    <datafield tag="GPN" ind1="1" ind2=" ">
      <subfield code="a">Bre&#x15B;&#x1E6D;, Ber&#x1E6D;al&#x1E6D;a</subfield>
      <subfield code="d">1898-1956</subfield>
      <subfield code="A">GND</subfield>
      <subfield code="B">GND-118514768</subfield>
      <subfield code="C">400</subfield>
    </datafield>
    <datafield tag="GPN" ind1="1" ind2=" ">
      <subfield code="a">Bre&#x1E63;&#x1E6D;a, Bar&#x1E6D;ol&#x1E6D;a</subfield>
      <subfield code="d">1898-1956</subfield>
      <subfield code="A">GND</subfield>
      <subfield code="B">GND-118514768</subfield>
      <subfield code="C">400</subfield>
    </datafield>
    <datafield tag="GPN" ind1="1" ind2=" ">
      <subfield code="a">Bre&#x15B;a&#x1E6D;a, Ber&#x1E6D;al&#x1E6D;a</subfield>
      <subfield code="d">1898-1956</subfield>
      <subfield code="A">GND</subfield>
      <subfield code="B">GND-118514768</subfield>
      <subfield code="C">400</subfield>
    </datafield>
    <datafield tag="GPN" ind1="1" ind2=" ">
      <subfield code="a">Bri&#x161;t, Bart&#x16B;lt</subfield>
      <subfield code="d">1898-1956</subfield>
      <subfield code="A">GND</subfield>
      <subfield code="B">GND-118514768</subfield>
      <subfield code="C">400</subfield>
    </datafield>
    <datafield tag="GPN" ind1="1" ind2=" ">
      <subfield code="a">Bri&#x161;t, Birt&#x16B;ld</subfield>
      <subfield code="d">1898-1956</subfield>
      <subfield code="A">GND</subfield>
      <subfield code="B">GND-118514768</subfield>
      <subfield code="C">400</subfield>
    </datafield>
    <datafield tag="GPN" ind1="1" ind2=" ">
      <subfield code="a">Bri&#x161;t, Birtult</subfield>
      <subfield code="d">1898-1956</subfield>
      <subfield code="A">GND</subfield>
      <subfield code="B">GND-118514768</subfield>
      <subfield code="C">400</subfield>
    </datafield>
    <datafield tag="GPN" ind1="1" ind2=" ">
      <subfield code="a">Br&#x12B;&#x1E2B;t, Birt&#x16B;ld</subfield>
      <subfield code="d">1898-1956</subfield>
      <subfield code="A">GND</subfield>
      <subfield code="B">GND-118514768</subfield>
      <subfield code="C">400</subfield>
    </datafield>
    <datafield tag="GPN" ind1="1" ind2=" ">
      <subfield code="a">Bre&#x161;&#x1E6D;, Barthol&#x1E6D;</subfield>
      <subfield code="d">1898-1956</subfield>
      <subfield code="A">GND</subfield>
      <subfield code="B">GND-118514768</subfield>
      <subfield code="C">400</subfield>
    </datafield>
    <datafield tag="GPN" ind1="1" ind2=" ">
      <subfield code="a">Br&#x12B;&#x161;&#x1E6D;, Barthol&#x1E6D;</subfield>
      <subfield code="d">1898-1956</subfield>
      <subfield code="A">GND</subfield>
      <subfield code="B">GND-118514768</subfield>
      <subfield code="C">400</subfield>
    </datafield>
    <datafield tag="GPN" ind1="1" ind2=" ">
      <subfield code="a">Bre&#x161;&#x1E6D;, Birthol&#x1E6D;</subfield>
      <subfield code="d">1898-1956</subfield>
      <subfield code="A">GND</subfield>
      <subfield code="B">GND-118514768</subfield>
      <subfield code="C">400</subfield>
    </datafield>
    <datafield tag="GPN" ind1="1" ind2=" ">
      <subfield code="a">Br&#x12B;&#x161;&#x1E6D;, Birthol&#x1E6D;</subfield>
      <subfield code="d">1898-1956</subfield>
      <subfield code="A">GND</subfield>
      <subfield code="B">GND-118514768</subfield>
      <subfield code="C">400</subfield>
    </datafield>
    <datafield tag="GPN" ind1="1" ind2=" ">
      <subfield code="a">Buchito, Berutorutu</subfield>
      <subfield code="d">1898-1956</subfield>
      <subfield code="A">GND</subfield>
      <subfield code="B">GND-118514768</subfield>
      <subfield code="C">400</subfield>
    </datafield>
    <datafield tag="GPN" ind1="1" ind2=" ">
      <subfield code="a">Bulaixite, Beituo'erte</subfield>
      <subfield code="d">1898-1956</subfield>
      <subfield code="A">GND</subfield>
      <subfield code="B">GND-118514768</subfield>
      <subfield code="C">400</subfield>
    </datafield>
    <datafield tag="GPN" ind1="1" ind2=" ">
      <subfield code="a">Bulaixite, ...</subfield>
      <subfield code="d">1898-1956</subfield>
      <subfield code="A">GND</subfield>
      <subfield code="B">GND-118514768</subfield>
      <subfield code="C">400</subfield>
    </datafield>
    <datafield tag="GPN" ind1="1" ind2=" ">
      <subfield code="a">Burehito, Berutoruto</subfield>
      <subfield code="d">1898-1956</subfield>
      <subfield code="A">GND</subfield>
      <subfield code="B">GND-118514768</subfield>
      <subfield code="C">400</subfield>
    </datafield>
    <datafield tag="GPN" ind1="1" ind2=" ">
      <subfield code="a">Burehito, ...</subfield>
      <subfield code="d">1898-1956</subfield>
      <subfield code="A">GND</subfield>
      <subfield code="B">GND-118514768</subfield>
      <subfield code="C">400</subfield>
    </datafield>
    <datafield tag="GPN" ind1="0" ind2=" ">
      <subfield code="a">B. B.</subfield>
      <subfield code="d">1898-1956</subfield>
      <subfield code="A">GND</subfield>
      <subfield code="B">GND-118514768</subfield>
      <subfield code="C">400</subfield>
    </datafield>
    <datafield tag="GPN" ind1="1" ind2=" ">
      <subfield code="a">Mprecht, ...</subfield>
      <subfield code="d">1898-1956</subfield>
      <subfield code="A">GND</subfield>
      <subfield code="B">GND-118514768</subfield>
      <subfield code="C">400</subfield>
    </datafield>
    <datafield tag="GPN" ind1="1" ind2=" ">
      <subfield code="a">Pulaihsit'&#xEA;, Peit'o&#x109;rht'&#xEA;</subfield>
      <subfield code="d">1898-1956</subfield>
      <subfield code="A">GND</subfield>
      <subfield code="B">GND-118514768</subfield>
      <subfield code="C">400</subfield>
    </datafield>
    <datafield tag="GPN" ind1="1" ind2=" ">
      <subfield code="a">Pulaihsit'&#xEA;, ...</subfield>
      <subfield code="d">1898-1956</subfield>
      <subfield code="A">GND</subfield>
      <subfield code="B">GND-118514768</subfield>
      <subfield code="C">400</subfield>
    </datafield>
    <datafield tag="GPN" ind1="1" ind2=" ">
      <subfield code="a">P&#x16D;rehit'&#x16D;, Pe&#x14F;t'olt'&#x16D;</subfield>
      <subfield code="d">1898-1956</subfield>
      <subfield code="A">GND</subfield>
      <subfield code="B">GND-118514768</subfield>
      <subfield code="C">400</subfield>
    </datafield>
    <datafield tag="GPN" ind1="1" ind2=" ">
      <subfield code="a">B&#x16D;rehit'&#x16D;, Be&#x14F;t'olt'&#x16D;</subfield>
      <subfield code="d">1898-1956</subfield>
      <subfield code="A">GND</subfield>
      <subfield code="B">GND-118514768</subfield>
      <subfield code="C">400</subfield>
    </datafield>
    <datafield tag="GPN" ind1="1" ind2=" ">
      <subfield code="a">Brecht, Berthold</subfield>
      <subfield code="d">1898-1956</subfield>
      <subfield code="A">GND</subfield>
      <subfield code="B">GND-118514768</subfield>
      <subfield code="C">400</subfield>
    </datafield>
    <datafield tag="GPN" ind1="1" ind2=" ">
      <subfield code="a">Becht, Bertolt</subfield>
      <subfield code="d">1898-1956</subfield>
      <subfield code="A">GND</subfield>
      <subfield code="B">GND-118514768</subfield>
      <subfield code="C">400</subfield>
    </datafield>
    <datafield tag="GPN" ind1="1" ind2=" ">
      <subfield code="a">Brehd, Berd</subfield>
      <subfield code="d">1898-1956</subfield>
      <subfield code="A">GND</subfield>
      <subfield code="B">GND-118514768</subfield>
      <subfield code="C">400</subfield>
    </datafield>
    <datafield tag="GPN" ind1="1" ind2=" ">
      <subfield code="a">Larsen, Berthold</subfield>
      <subfield code="d">1898-1956</subfield>
      <subfield code="4">pseu</subfield>
      <subfield code="4">https://d-nb.info/standards/elementset/gnd#pseudonym</subfield>
      <subfield code="w">r</subfield>
      <subfield code="i">Pseudonym</subfield>
      <subfield code="e">Pseudonym</subfield>
      <subfield code="A">GND</subfield>
      <subfield code="B">GND-118514768</subfield>
      <subfield code="C">400</subfield>
    </datafield>
    <datafield tag="GPN" ind1="1" ind2=" ">
      <subfield code="a">Brekt, Bert&#xF4;lt</subfield>
      <subfield code="d">1898-1956</subfield>
      <subfield code="A">GND</subfield>
      <subfield code="B">GND-118514768</subfield>
      <subfield code="C">400</subfield>
    </datafield>
    <datafield tag="GPN" ind1="1" ind2=" ">
      <subfield code="a">Brekht, Bartolt</subfield>
      <subfield code="d">1898-1956</subfield>
      <subfield code="A">GND</subfield>
      <subfield code="B">GND-118514768</subfield>
      <subfield code="C">400</subfield>
    </datafield>
    <datafield tag="GPN" ind1="1" ind2=" ">
      <subfield code="a">Brist, Birtult</subfield>
      <subfield code="d">1898-1956</subfield>
      <subfield code="A">GND</subfield>
      <subfield code="B">GND-118514768</subfield>
      <subfield code="C">400</subfield>
    </datafield>
    <datafield tag="GPN" ind1="1" ind2=" ">
      <subfield code="a">Brecht, Bert</subfield>
      <subfield code="d">1898-1956</subfield>
      <subfield code="9">v:M</subfield>
      <subfield code="A">GND</subfield>
      <subfield code="B">GND-118514768</subfield>
      <subfield code="C">400</subfield>
    </datafield>
    <datafield tag="GPN" ind1="1" ind2=" ">
      <subfield code="a">Bresta, Bartolta</subfield>
      <subfield code="d">1898-1956</subfield>
      <subfield code="A">GND</subfield>
      <subfield code="B">GND-118514768</subfield>
      <subfield code="C">400</subfield>
    </datafield>
    <datafield tag="GPN" ind1="1" ind2=" ">
      <subfield code="a">Brecht, Bertholt</subfield>
      <subfield code="d">1898-1956</subfield>
      <subfield code="A">GND</subfield>
      <subfield code="B">GND-118514768</subfield>
      <subfield code="C">400</subfield>
    </datafield>
    <datafield tag="GPN" ind1="1" ind2=" ">
      <subfield code="a">Brecht, Bertold</subfield>
      <subfield code="d">1898-1956</subfield>
      <subfield code="A">GND</subfield>
      <subfield code="B">GND-118514768</subfield>
      <subfield code="C">400</subfield>
    </datafield>
    <datafield tag="GPN" ind1="1" ind2=" ">
      <subfield code="a">Breht, Bertolt</subfield>
      <subfield code="d">1898-1956</subfield>
      <subfield code="A">GND</subfield>
      <subfield code="B">GND-118514768</subfield>
      <subfield code="C">400</subfield>
    </datafield>
    <datafield tag="GPN" ind1="1" ind2=" ">
      <subfield code="a">Mprecht, Mpertolt</subfield>
      <subfield code="d">1898-1956</subfield>
      <subfield code="A">GND</subfield>
      <subfield code="B">GND-118514768</subfield>
      <subfield code="C">400</subfield>
    </datafield>
    <datafield tag="GPN" ind1="1" ind2=" ">
      <subfield code="a">Brekht, Bertol&#x2B9;t</subfield>
      <subfield code="d">1898-1956</subfield>
      <subfield code="A">GND</subfield>
      <subfield code="B">GND-118514768</subfield>
      <subfield code="C">400</subfield>
    </datafield>
    <datafield tag="GPN" ind1="1" ind2=" ">
      <subfield code="a">Brekht, Bertol&#x2B9;d</subfield>
      <subfield code="d">1898-1956</subfield>
      <subfield code="A">GND</subfield>
      <subfield code="B">GND-118514768</subfield>
      <subfield code="C">400</subfield>
    </datafield>
    <datafield tag="GPN" ind1="1" ind2=" ">
      <subfield code="a">Bre&#x1E35;&#x1E6D;, Ber&#x1E6D;ol&#x1E6D;</subfield>
      <subfield code="d">1898-1956</subfield>
      <subfield code="A">GND</subfield>
      <subfield code="B">GND-118514768</subfield>
      <subfield code="C">400</subfield>
    </datafield>
    <datafield tag="GPN" ind1="1" ind2=" ">
      <subfield code="a">Brecht, Eugen Bertolt Friedrich</subfield>
      <subfield code="d">1898-1956</subfield>
      <subfield code="A">GND</subfield>
      <subfield code="B">GND-118514768</subfield>
      <subfield code="C">400</subfield>
    </datafield>
    <datafield tag="GPN" ind1="0" ind2=" ">
      <subfield code="a">Buleixite</subfield>
      <subfield code="d">1898-1956</subfield>
      <subfield code="A">GND</subfield>
      <subfield code="B">GND-118514768</subfield>
      <subfield code="C">400</subfield>
    </datafield>
    <datafield tag="GPN" ind1="0" ind2=" ">
      <subfield code="9">U:Arab</subfield>
      <subfield code="a">&#x628;&#x631;&#x634;&#x62A; &#x628;&#x631;&#x62A;&#x648;&#x644;&#x62F;</subfield>
      <subfield code="d">1898-1956</subfield>
      <subfield code="5">DE-576</subfield>
      <subfield code="A">GND</subfield>
      <subfield code="B">GND-118514768</subfield>
      <subfield code="C">400</subfield>
    </datafield>
    <datafield tag="GPN" ind1="1" ind2=" ">
      <subfield code="9">U:Kore</subfield>
      <subfield code="a">&#xBE0C;&#xB808;&#xD788;&#xD2B8;, &#xBCA0;&#xB974;&#xD1A8;&#xD2B8;</subfield>
      <subfield code="d">1898-1956</subfield>
      <subfield code="5">DE-576</subfield>
      <subfield code="A">GND</subfield>
      <subfield code="B">GND-118514768</subfield>
      <subfield code="C">400</subfield>
    </datafield>
    <datafield tag="GPN" ind1="1" ind2=" ">
      <subfield code="9">U:Hebr</subfield>
      <subfield code="a">&#x5D1;&#x5E8;&#x5DB;&#x5D8;, &#x5D1;&#x5E8;&#x5D8;&#x5D5;&#x5DC;&#x5D8;</subfield>
      <subfield code="d">1898-1956</subfield>
      <subfield code="5">DE-576</subfield>
      <subfield code="A">GND</subfield>
      <subfield code="B">GND-118514768</subfield>
      <subfield code="C">400</subfield>
    </datafield>
    <datafield tag="GPN" ind1="0" ind2=" ">
      <subfield code="9">U:Hans</subfield>
      <subfield code="a">&#x8D1D;&#xB7;&#x5E03;&#x83B1;&#x5E0C;&#x7279;</subfield>
      <subfield code="d">1898-1956</subfield>
      <subfield code="5">DE-576</subfield>
      <subfield code="A">GND</subfield>
      <subfield code="B">GND-118514768</subfield>
      <subfield code="C">400</subfield>
    </datafield>
    <datafield tag="GPN" ind1="1" ind2=" ">
      <subfield code="9">U:Hans</subfield>
      <subfield code="a">&#x5E03;&#x83B1;&#x5E0C;&#x7279;, &#x8D1D;</subfield>
      <subfield code="d">1898-1956</subfield>
      <subfield code="5">DE-576</subfield>
      <subfield code="A">GND</subfield>
      <subfield code="B">GND-118514768</subfield>
      <subfield code="C">400</subfield>
    </datafield>
    <datafield tag="GPN" ind1="1" ind2=" ">
      <subfield code="9">U:Jpan</subfield>
      <subfield code="a">&#x30D6;&#x30EC;&#x30D2;&#x30C8;, &#x30D9;&#x30EB;&#x30C8;&#x30EB;&#x30C8;</subfield>
      <subfield code="d">1898-1956</subfield>
      <subfield code="5">DE-576</subfield>
      <subfield code="A">GND</subfield>
      <subfield code="B">GND-118514768</subfield>
      <subfield code="C">400</subfield>
    </datafield>
    <datafield tag="GPN" ind1="0" ind2=" ">
      <subfield code="9">U:Hant</subfield>
      <subfield code="a">&#x5E03;&#x96F7;&#x5E0C;&#x7279;</subfield>
      <subfield code="d">1898-1956</subfield>
      <subfield code="9">v:Chines.</subfield>
      <subfield code="A">GND</subfield>
      <subfield code="B">GND-118514768</subfield>
      <subfield code="C">400</subfield>
    </datafield>
    <datafield tag="GPN" ind1="1" ind2=" ">
      <subfield code="9">U:Arab</subfield>
      <subfield code="a">&#x628;&#x631;&#x64A;&#x634;&#x62A;, &#x628;&#x631;&#x62A;&#x648;&#x644;&#x62A;</subfield>
      <subfield code="d">1898-1956</subfield>
      <subfield code="A">GND</subfield>
      <subfield code="B">GND-118514768</subfield>
      <subfield code="C">400</subfield>
    </datafield>
    <datafield tag="GPN" ind1="1" ind2=" ">
      <subfield code="9">U:Arab</subfield>
      <subfield code="a">&#x628;&#x631;&#x64A;&#x62E;&#x62A;, &#x628;&#x631;&#x62A;&#x648;&#x644;&#x62F;</subfield>
      <subfield code="d">1898-1956</subfield>
      <subfield code="A">GND</subfield>
      <subfield code="B">GND-118514768</subfield>
      <subfield code="C">400</subfield>
    </datafield>
    <datafield tag="GPN" ind1="1" ind2=" ">
      <subfield code="9">U:Arab</subfield>
      <subfield code="a">&#x628;&#x631;&#x64A;&#x634;&#x62A;, &#x628;&#x631;&#x62A;&#x648;&#x644;&#x62F;</subfield>
      <subfield code="d">1898-1956</subfield>
      <subfield code="A">GND</subfield>
      <subfield code="B">GND-118514768</subfield>
      <subfield code="C">400</subfield>
    </datafield>
    <datafield tag="GSI" ind1="7" ind2=" ">
      <subfield code="a">118514768</subfield>
      <subfield code="0">http://d-nb.info/gnd/118514768</subfield>
      <subfield code="2">gnd</subfield>
      <subfield code="A">GND</subfield>
      <subfield code="B">GND-118514768</subfield>
      <subfield code="C">024</subfield>
    </datafield>
  </record>