
  <record>
    <leader>01060nam#a2200361#ca4500</leader>
    <controlfield tag="005">20210324190000.0</controlfield>
    <controlfield tag="007">tu</controlfield>
    <controlfield tag="008">990726m19801999gw#######e####|||#|#ger#c</controlfield>
    <controlfield tag="003">DE-605</controlfield>
    <controlfield tag="001">990047829090206441</controlfield>
    <datafield tag="016" ind1="7" ind2=" ">
      <subfield code="a">1069871581</subfield>
      <subfield code="2">OCoLC</subfield>
    </datafield>
    <datafield tag="035" ind1=" " ind2=" ">
      <subfield code="a">(DE-605)HT001332689</subfield>
    </datafield>
    <datafield tag="040" ind1=" " ind2=" ">
      <subfield code="c">DE-605</subfield>
      <subfield code="a">468</subfield>
      <subfield code="b">ger</subfield>
      <subfield code="d">468</subfield>
      <subfield code="e">rakwb</subfield>
      <subfield code="d">DE-605</subfield>
    </datafield>
    <datafield tag="041" ind1=" " ind2=" ">
      <subfield code="a">ger</subfield>
    </datafield>
    <datafield tag="044" ind1=" " ind2=" ">
      <subfield code="c">XA-DE</subfield>
    </datafield>
    <datafield tag="084" ind1=" " ind2=" ">
      <subfield code="a">330</subfield>
      <subfield code="2">rpb</subfield>
    </datafield>
    <datafield tag="084" ind1=" " ind2=" ">
      <subfield code="a">338</subfield>
      <subfield code="2">rpb</subfield>
    </datafield>
    <datafield tag="084" ind1=" " ind2=" ">
      <subfield code="a">NC 1750</subfield>
      <subfield code="2">rvk</subfield>
    </datafield>
    <datafield tag="084" ind1=" " ind2=" ">
      <subfield code="a">AE 50980</subfield>
      <subfield code="2">rvk</subfield>
    </datafield>
    <datafield tag="084" ind1=" " ind2=" ">
      <subfield code="a">GB 1025</subfield>
      <subfield code="2">rvk</subfield>
    </datafield>
    <datafield tag="084" ind1=" " ind2=" ">
      <subfield code="a">GB 1252</subfield>
      <subfield code="2">rvk</subfield>
    </datafield>
    <datafield tag="084" ind1=" " ind2=" ">
      <subfield code="a">BO 1000</subfield>
      <subfield code="2">rvk</subfield>
    </datafield>
    <datafield tag="084" ind1=" " ind2=" ">
      <subfield code="a">NM 1200</subfield>
      <subfield code="2">rvk</subfield>
    </datafield>
    <datafield tag="245" ind1="0" ind2="0">
      <subfield code="a">Lexikon des Mittelalters</subfield>
    </datafield>
    <datafield tag="264" ind1=" " ind2="1">
      <subfield code="a">M&#xFC;nchen [u.a.]</subfield>
      <subfield code="b">Artemis-Verl.</subfield>
      <subfield code="c">1980-1999</subfield>
    </datafield>
    <datafield tag="500" ind1=" " ind2=" ">
      <subfield code="a">Bd. 7 und 8 im LexMA-Verl., M&#xFC;nchen, erschienen. Reg.-Bd. im Verl. Metzler, Stuttgart [u.a.], erschienen</subfield>
    </datafield>
    <datafield tag="515" ind1=" " ind2=" ">
      <subfield code="a">Erschienen: Bd. 1 - 9 und Reg.-Bd.</subfield>
    </datafield>
    <datafield tag="655" ind1=" " ind2="7">
      <subfield code="a">W&#xF6;rterbuch</subfield>
      <subfield code="0">(DE-588)4066724-8</subfield>
      <subfield code="2">gnd-content</subfield>
    </datafield>
    <datafield tag="689" ind1="0" ind2="0">
      <subfield code="a">Mittelalter</subfield>
      <subfield code="D">s</subfield>
      <subfield code="0">(DE-588)4129108-6</subfield>
      <subfield code="0">(uri) https://portal.dnb.de/opac.htm?method=simpleSearch&amp;cqlMode=true&amp;query=idn=041291085</subfield>
      <subfield code="0">(uri) http://viaf.org/viaf/sourceID/DNB|041291085</subfield>
      <subfield code="B">GND-041291085</subfield>
    </datafield>
    <datafield tag="964" ind1="0" ind2="s">
      <subfield code="F">051</subfield>
      <subfield code="A">neq|||||</subfield>
    </datafield>
    <datafield tag="964" ind1="0" ind2="s">
      <subfield code="F">030</subfield>
      <subfield code="A">a|1uc||||||37</subfield>
    </datafield>
    <datafield tag="964" ind1="0" ind2="s">
      <subfield code="F">050</subfield>
      <subfield code="A">a|||||||||||||</subfield>
    </datafield>
    <datafield tag="035" ind1=" " ind2=" ">
      <subfield code="a">(OCoLC)1069871581</subfield>
      <subfield code="0">(uri) http://www.worldcat.org/oclc/1069871581</subfield>
    </datafield>
    <datafield tag="035" ind1=" " ind2=" ">
      <subfield code="a">(DE-599)HBZHT001332689</subfield>
    </datafield>
    <datafield tag="MBD" ind1=" " ind2=" ">
      <subfield code="M">49HBZ_NETWORK</subfield>
      <subfield code="i">990047829090206441</subfield>
      <subfield code="n">HBZ Network</subfield>
    </datafield>
    <datafield tag="MBD" ind1=" " ind2=" ">
      <subfield code="M">49HBZ_BIE</subfield>
      <subfield code="i">991021449129706442</subfield>
      <subfield code="n">UB Bielefeld</subfield>
    </datafield>
    <datafield tag="980" ind1="1" ind2=" ">
      <subfield code="e">HBZ</subfield>
      <subfield code="9">LOCAL</subfield>
      <subfield code="M">49HBZ_BIE</subfield>
    </datafield>
    <datafield tag="981" ind1=" " ind2=" ">
      <subfield code="a">(DE-361)1839277</subfield>
      <subfield code="9">LOCAL</subfield>
      <subfield code="M">49HBZ_BIE</subfield>
    </datafield>
    <datafield tag="983" ind1=" " ind2=" ">
      <subfield code="b">CT080</subfield>
      <subfield code="9">LOCAL</subfield>
      <subfield code="M">49HBZ_BIE</subfield>
    </datafield>
    <datafield tag="997" ind1=" " ind2=" ">
      <subfield code="a">20020125</subfield>
      <subfield code="9">LOCAL</subfield>
      <subfield code="M">49HBZ_BIE</subfield>
    </datafield>
    <datafield tag="MBD" ind1=" " ind2=" ">
      <subfield code="M">49HBZ_UBD</subfield>
      <subfield code="i">991007816469706445</subfield>
      <subfield code="n">UB Dortmund</subfield>
    </datafield>
    <datafield tag="980" ind1="1" ind2=" ">
      <subfield code="e">HBZ</subfield>
      <subfield code="9">LOCAL</subfield>
      <subfield code="M">49HBZ_UBD</subfield>
    </datafield>
    <datafield tag="981" ind1=" " ind2=" ">
      <subfield code="a">(DE-290)165620</subfield>
      <subfield code="9">LOCAL</subfield>
      <subfield code="M">49HBZ_UBD</subfield>
    </datafield>
    <datafield tag="997" ind1=" " ind2=" ">
      <subfield code="a">19990727</subfield>
      <subfield code="9">LOCAL</subfield>
      <subfield code="M">49HBZ_UBD</subfield>
    </datafield>
    <datafield tag="MBD" ind1=" " ind2=" ">
      <subfield code="M">49HBZ_UDE</subfield>
      <subfield code="i">990002521320206446</subfield>
      <subfield code="n">UB Duisburg-Essen</subfield>
    </datafield>
    <datafield tag="983" ind1=" " ind2=" ">
      <subfield code="b">LCB</subfield>
      <subfield code="9">LOCAL</subfield>
      <subfield code="M">49HBZ_UDE</subfield>
    </datafield>
    <datafield tag="MBD" ind1=" " ind2=" ">
      <subfield code="M">49HBZ_WUP</subfield>
      <subfield code="i">990003074850206447</subfield>
      <subfield code="n">UB Wuppertal</subfield>
    </datafield>
    <datafield tag="983" ind1=" " ind2=" ">
      <subfield code="b">LCB</subfield>
      <subfield code="9">LOCAL</subfield>
      <subfield code="M">49HBZ_WUP</subfield>
    </datafield>
    <datafield tag="983" ind1=" " ind2=" ">
      <subfield code="b">AACM</subfield>
      <subfield code="9">LOCAL</subfield>
      <subfield code="M">49HBZ_WUP</subfield>
    </datafield>
    <datafield tag="MBD" ind1=" " ind2=" ">
      <subfield code="M">49HBZ_DUE</subfield>
      <subfield code="i">990002409270206443</subfield>
      <subfield code="n">ULB D&#xFC;sseldorf</subfield>
    </datafield>
    <datafield tag="980" ind1="1" ind2=" ">
      <subfield code="a">vf-m</subfield>
      <subfield code="9">LOCAL</subfield>
      <subfield code="M">49HBZ_DUE</subfield>
    </datafield>
    <datafield tag="983" ind1=" " ind2=" ">
      <subfield code="a">FBgerp350</subfield>
      <subfield code="9">LOCAL</subfield>
      <subfield code="M">49HBZ_DUE</subfield>
    </datafield>
    <datafield tag="983" ind1=" " ind2=" ">
      <subfield code="a">FBangw004</subfield>
      <subfield code="9">LOCAL</subfield>
      <subfield code="M">49HBZ_DUE</subfield>
    </datafield>
    <datafield tag="983" ind1=" " ind2=" ">
      <subfield code="a">FBhisa420</subfield>
      <subfield code="9">LOCAL</subfield>
      <subfield code="M">49HBZ_DUE</subfield>
    </datafield>
    <datafield tag="983" ind1=" " ind2=" ">
      <subfield code="a">FBroma415</subfield>
      <subfield code="9">LOCAL</subfield>
      <subfield code="M">49HBZ_DUE</subfield>
    </datafield>
    <datafield tag="983" ind1=" " ind2=" ">
      <subfield code="a">bibb036</subfield>
      <subfield code="9">LOCAL</subfield>
      <subfield code="M">49HBZ_DUE</subfield>
    </datafield>
    <datafield tag="983" ind1=" " ind2=" ">
      <subfield code="a">hisf042</subfield>
      <subfield code="9">LOCAL</subfield>
      <subfield code="M">49HBZ_DUE</subfield>
    </datafield>
    <datafield tag="996" ind1=" " ind2=" ">
      <subfield code="s">Lexikon</subfield>
      <subfield code="0">(DE-588)4035549-4</subfield>
      <subfield code="9">LOCAL</subfield>
      <subfield code="M">49HBZ_DUE</subfield>
    </datafield>
    <datafield tag="996" ind1=" " ind2=" ">
      <subfield code="s">Mittelalter</subfield>
      <subfield code="0">(DE-588)4129108-6</subfield>
      <subfield code="9">LOCAL</subfield>
      <subfield code="M">49HBZ_DUE</subfield>
    </datafield>
    <datafield tag="MNG" ind1=" " ind2=" ">
      <subfield code="c">System</subfield>
      <subfield code="f">HBZ</subfield>
      <subfield code="i">marc21</subfield>
      <subfield code="h">20210324190000.0</subfield>
      <subfield code="k">01</subfield>
      <subfield code="e">false</subfield>
      <subfield code="d">2021-04-23 20:44:56 Europe/Berlin</subfield>
      <subfield code="g">004782909-HBZ01</subfield>
      <subfield code="j">60</subfield>
      <subfield code="a">import</subfield>
      <subfield code="b">2021-04-05 18:09:28 Europe/Berlin</subfield>
    </datafield>
    <datafield tag="H52" ind1="8" ind2="1">
      <subfield code="b">E0001</subfield>
      <subfield code="c">EHS</subfield>
      <subfield code="h">940Lex1 &lt;&lt;Grundsignatur&gt;&gt;</subfield>
      <subfield code="8">22427288370006446</subfield>
    </datafield>
    <datafield tag="HOL" ind1=" " ind2=" ">
      <subfield code="b">2021-04-15 19:07:18</subfield>
      <subfield code="8">22427288370006446</subfield>
      <subfield code="M">49HBZ_UDE</subfield>
      <subfield code="g">false</subfield>
      <subfield code="a">import</subfield>
    </datafield>
    <datafield tag="H52" ind1="8" ind2="1">
      <subfield code="b">E0001</subfield>
      <subfield code="c">EHS</subfield>
      <subfield code="h">LCB1046 &lt;&lt;Grundsignatur&gt;&gt;</subfield>
      <subfield code="8">22427288380006446</subfield>
    </datafield>
    <datafield tag="HOL" ind1=" " ind2=" ">
      <subfield code="b">2021-04-15 19:07:18</subfield>
      <subfield code="8">22427288380006446</subfield>
      <subfield code="M">49HBZ_UDE</subfield>
      <subfield code="g">false</subfield>
      <subfield code="a">import</subfield>
    </datafield>
    <datafield tag="GSI" ind1="7" ind2=" ">
      <subfield code="a">http://d-nb.info/gnd/4129108-6</subfield>
      <subfield code="2">uri</subfield>
      <subfield code="A">GND</subfield>
      <subfield code="B">GND-041291085</subfield>
      <subfield code="C">024</subfield>
    </datafield>
  </record>