
  <record>
    <leader>01231nam#a2200373#ca4500</leader>
    <controlfield tag="005">20210408143242.0</controlfield>
    <controlfield tag="007">tu</controlfield>
    <controlfield tag="008">040618m20039999gw#######e####|||#|#ger#c</controlfield>
    <controlfield tag="003">DE-605</controlfield>
    <controlfield tag="001">990129211850206441</controlfield>
    <datafield tag="016" ind1="7" ind2=" ">
      <subfield code="a">63753973</subfield>
      <subfield code="2">OCoLC</subfield>
    </datafield>
    <datafield tag="035" ind1=" " ind2=" ">
      <subfield code="a">(DE-605)HT014051766</subfield>
    </datafield>
    <datafield tag="040" ind1=" " ind2=" ">
      <subfield code="a">465</subfield>
      <subfield code="b">ger</subfield>
      <subfield code="d">708</subfield>
      <subfield code="e">rakwb</subfield>
    </datafield>
    <datafield tag="041" ind1=" " ind2=" ">
      <subfield code="a">ger</subfield>
    </datafield>
    <datafield tag="044" ind1=" " ind2=" ">
      <subfield code="c">XA-DE</subfield>
    </datafield>
    <datafield tag="084" ind1=" " ind2=" ">
      <subfield code="a">860</subfield>
      <subfield code="2">rpb</subfield>
    </datafield>
    <datafield tag="084" ind1=" " ind2=" ">
      <subfield code="a">865</subfield>
      <subfield code="2">rpb</subfield>
    </datafield>
    <datafield tag="084" ind1=" " ind2=" ">
      <subfield code="a">CM 1000</subfield>
      <subfield code="2">rvk</subfield>
    </datafield>
    <datafield tag="084" ind1=" " ind2=" ">
      <subfield code="a">CZ 1300</subfield>
      <subfield code="2">rvk</subfield>
    </datafield>
    <datafield tag="084" ind1=" " ind2=" ">
      <subfield code="a">CP 4000</subfield>
      <subfield code="2">rvk</subfield>
    </datafield>
    <datafield tag="084" ind1=" " ind2=" ">
      <subfield code="a">CQ 2000</subfield>
      <subfield code="2">rvk</subfield>
    </datafield>
    <datafield tag="084" ind1=" " ind2=" ">
      <subfield code="a">CM 3300</subfield>
      <subfield code="2">rvk</subfield>
    </datafield>
    <datafield tag="245" ind1="0" ind2="0">
      <subfield code="a">Enzyklop&#xE4;die der Psychologie</subfield>
      <subfield code="c">hrsg. von Niels Birbaumer ...</subfield>
    </datafield>
    <datafield tag="250" ind1=" " ind2=" ">
      <subfield code="a">[Neubearb. ab 2003]</subfield>
    </datafield>
    <datafield tag="264" ind1=" " ind2="1">
      <subfield code="a">G&#xF6;ttingen [u.a.]</subfield>
      <subfield code="b">Hogrefe, Verl. f&#xFC;r Psychologie</subfield>
      <subfield code="c">2003-</subfield>
    </datafield>
    <datafield tag="689" ind1="0" ind2="0">
      <subfield code="a">Psychologie</subfield>
      <subfield code="D">s</subfield>
      <subfield code="0">(DE-588)4047704-6</subfield>
      <subfield code="0">(uri) https://portal.dnb.de/opac.htm?method=simpleSearch&amp;cqlMode=true&amp;query=idn=040477045</subfield>
      <subfield code="0">(uri) http://viaf.org/viaf/sourceID/DNB|040477045</subfield>
      <subfield code="B">GND-040477045</subfield>
    </datafield>
    <datafield tag="700" ind1="1" ind2=" ">
      <subfield code="a">Birbaumer, Niels-Peter</subfield>
      <subfield code="d">1945-</subfield>
      <subfield code="0">(DE-588)121603164</subfield>
      <subfield code="4">edt</subfield>
      <subfield code="0">(uri) https://portal.dnb.de/opac.htm?method=simpleSearch&amp;cqlMode=true&amp;query=idn=121603164</subfield>
      <subfield code="0">(uri) http://viaf.org/viaf/sourceID/DNB|121603164</subfield>
      <subfield code="B">GND-121603164</subfield>
    </datafield>
    <datafield tag="776" ind1="0" ind2="8">
      <subfield code="i">Erscheint auch als</subfield>
      <subfield code="n">Online-Ausg.</subfield>
      <subfield code="t">Enzyklop&#xE4;die der Psychologie</subfield>
      <subfield code="w">(DE-605)HT019084870</subfield>
    </datafield>
    <datafield tag="780" ind1="0" ind2="0">
      <subfield code="i">Fr&#xFC;here Ausg. mit teilw. anderer Bandeinteilung u.d.T.</subfield>
      <subfield code="t">Enzyklop&#xE4;die der Psychologie</subfield>
      <subfield code="w">(DE-605)HT002191371</subfield>
    </datafield>
    <datafield tag="964" ind1="0" ind2="s">
      <subfield code="F">030</subfield>
      <subfield code="A">a|1uc||||||37</subfield>
    </datafield>
    <datafield tag="964" ind1="0" ind2="s">
      <subfield code="F">050</subfield>
      <subfield code="A">a|||||||||||||</subfield>
    </datafield>
    <datafield tag="964" ind1="0" ind2="s">
      <subfield code="F">051</subfield>
      <subfield code="A">ne||||||</subfield>
    </datafield>
    <datafield tag="035" ind1=" " ind2=" ">
      <subfield code="a">(OCoLC)63753973</subfield>
      <subfield code="0">(uri) http://www.worldcat.org/oclc/63753973</subfield>
    </datafield>
    <datafield tag="035" ind1=" " ind2=" ">
      <subfield code="a">(DE-599)HBZHT014051766</subfield>
    </datafield>
    <datafield tag="MBD" ind1=" " ind2=" ">
      <subfield code="M">49HBZ_NETWORK</subfield>
      <subfield code="i">990129211850206441</subfield>
      <subfield code="n">HBZ Network</subfield>
    </datafield>
    <datafield tag="MBD" ind1=" " ind2=" ">
      <subfield code="M">49HBZ_FHA</subfield>
      <subfield code="i">991005391079706444</subfield>
      <subfield code="n">FHB Aachen</subfield>
    </datafield>
    <datafield tag="980" ind1="1" ind2=" ">
      <subfield code="e">HBZ</subfield>
      <subfield code="9">LOCAL</subfield>
      <subfield code="M">49HBZ_FHA</subfield>
    </datafield>
    <datafield tag="981" ind1=" " ind2=" ">
      <subfield code="a">(A96)391042</subfield>
      <subfield code="9">LOCAL</subfield>
      <subfield code="M">49HBZ_FHA</subfield>
    </datafield>
    <datafield tag="997" ind1=" " ind2=" ">
      <subfield code="a">20120911</subfield>
      <subfield code="9">LOCAL</subfield>
      <subfield code="M">49HBZ_FHA</subfield>
    </datafield>
    <datafield tag="MBD" ind1=" " ind2=" ">
      <subfield code="M">49HBZ_BIE</subfield>
      <subfield code="i">991001518009706442</subfield>
      <subfield code="n">UB Bielefeld</subfield>
    </datafield>
    <datafield tag="980" ind1="1" ind2=" ">
      <subfield code="e">HBZ</subfield>
      <subfield code="9">LOCAL</subfield>
      <subfield code="M">49HBZ_BIE</subfield>
    </datafield>
    <datafield tag="981" ind1=" " ind2=" ">
      <subfield code="a">(DE-361)1984937</subfield>
      <subfield code="9">LOCAL</subfield>
      <subfield code="M">49HBZ_BIE</subfield>
    </datafield>
    <datafield tag="989" ind1=" " ind2=" ">
      <subfield code="a">Weitere Standortangaben beim Band</subfield>
      <subfield code="9">LOCAL</subfield>
      <subfield code="M">49HBZ_BIE</subfield>
    </datafield>
    <datafield tag="991" ind1=" " ind2=" ">
      <subfield code="a">Einheitl. Standort in FB 16: BK080 E6P9 ... (3. Buchstabe steht f&#xFC;r den Themenbereich)</subfield>
      <subfield code="9">LOCAL</subfield>
      <subfield code="M">49HBZ_BIE</subfield>
    </datafield>
    <datafield tag="997" ind1=" " ind2=" ">
      <subfield code="a">20040708</subfield>
      <subfield code="9">LOCAL</subfield>
      <subfield code="M">49HBZ_BIE</subfield>
    </datafield>
    <datafield tag="MBD" ind1=" " ind2=" ">
      <subfield code="M">49HBZ_UBD</subfield>
      <subfield code="i">991009659759706445</subfield>
      <subfield code="n">UB Dortmund</subfield>
    </datafield>
    <datafield tag="980" ind1="1" ind2=" ">
      <subfield code="e">HBZ</subfield>
      <subfield code="9">LOCAL</subfield>
      <subfield code="M">49HBZ_UBD</subfield>
    </datafield>
    <datafield tag="981" ind1=" " ind2=" ">
      <subfield code="a">(DE-290)1086029</subfield>
      <subfield code="9">LOCAL</subfield>
      <subfield code="M">49HBZ_UBD</subfield>
    </datafield>
    <datafield tag="997" ind1=" " ind2=" ">
      <subfield code="a">20040731</subfield>
      <subfield code="9">LOCAL</subfield>
      <subfield code="M">49HBZ_UBD</subfield>
    </datafield>
    <datafield tag="MBD" ind1=" " ind2=" ">
      <subfield code="M">49HBZ_UDE</subfield>
      <subfield code="i">990009189960206446</subfield>
      <subfield code="n">UB Duisburg-Essen</subfield>
    </datafield>
    <datafield tag="983" ind1=" " ind2=" ">
      <subfield code="b">HQI</subfield>
      <subfield code="9">LOCAL</subfield>
      <subfield code="M">49HBZ_UDE</subfield>
    </datafield>
    <datafield tag="983" ind1=" " ind2=" ">
      <subfield code="b">HQL</subfield>
      <subfield code="9">LOCAL</subfield>
      <subfield code="M">49HBZ_UDE</subfield>
    </datafield>
    <datafield tag="MBD" ind1=" " ind2=" ">
      <subfield code="M">49HBZ_WUP</subfield>
      <subfield code="i">990008797960206447</subfield>
      <subfield code="n">UB Wuppertal</subfield>
    </datafield>
    <datafield tag="MBD" ind1=" " ind2=" ">
      <subfield code="M">49HBZ_DUE</subfield>
      <subfield code="i">990016038750206443</subfield>
      <subfield code="n">ULB D&#xFC;sseldorf</subfield>
    </datafield>
    <datafield tag="980" ind1="1" ind2=" ">
      <subfield code="a">vf-u</subfield>
      <subfield code="9">LOCAL</subfield>
      <subfield code="M">49HBZ_DUE</subfield>
    </datafield>
    <datafield tag="983" ind1=" " ind2=" ">
      <subfield code="a">psya410</subfield>
      <subfield code="9">LOCAL</subfield>
      <subfield code="M">49HBZ_DUE</subfield>
    </datafield>
    <datafield tag="995" ind1=" " ind2=" ">
      <subfield code="a">ZB/psy zur Fortsetzung bestellt, Sign.: psya410.g774(Themenbereich/Serie/Band)</subfield>
      <subfield code="9">LOCAL</subfield>
      <subfield code="M">49HBZ_DUE</subfield>
    </datafield>
    <datafield tag="996" ind1=" " ind2=" ">
      <subfield code="s">Enzyklop&#xE4;die</subfield>
      <subfield code="0">(DE-588)4014986-9</subfield>
      <subfield code="9">LOCAL</subfield>
      <subfield code="M">49HBZ_DUE</subfield>
    </datafield>
    <datafield tag="996" ind1=" " ind2=" ">
      <subfield code="s">Psychologie</subfield>
      <subfield code="0">(DE-588)4047704-6</subfield>
      <subfield code="9">LOCAL</subfield>
      <subfield code="M">49HBZ_DUE</subfield>
    </datafield>
    <datafield tag="996" ind1=" " ind2=" ">
      <subfield code="a">Psycholog</subfield>
      <subfield code="9">LOCAL</subfield>
      <subfield code="M">49HBZ_DUE</subfield>
    </datafield>
    <datafield tag="MNG" ind1=" " ind2=" ">
      <subfield code="c">System</subfield>
      <subfield code="f">ILS</subfield>
      <subfield code="i">marc21</subfield>
      <subfield code="k">01</subfield>
      <subfield code="e">false</subfield>
      <subfield code="d">2021-04-08 14:32:42 Europe/Berlin</subfield>
      <subfield code="g">012921185-HBZ01</subfield>
      <subfield code="j">60</subfield>
      <subfield code="a">import</subfield>
      <subfield code="b">2021-04-06 01:13:51 Europe/Berlin</subfield>
    </datafield>
    <datafield tag="H52" ind1="8" ind2="1">
      <subfield code="b">E0001</subfield>
      <subfield code="c">EHS</subfield>
      <subfield code="h">HQI1312 &lt;&lt;Grundsignatur&gt;&gt;</subfield>
      <subfield code="8">22423314230006446</subfield>
    </datafield>
    <datafield tag="HOL" ind1=" " ind2=" ">
      <subfield code="b">2021-04-15 18:54:20</subfield>
      <subfield code="8">22423314230006446</subfield>
      <subfield code="M">49HBZ_UDE</subfield>
      <subfield code="g">false</subfield>
      <subfield code="a">import</subfield>
    </datafield>
    <datafield tag="H52" ind1="8" ind2="1">
      <subfield code="b">D0001</subfield>
      <subfield code="c">DHS</subfield>
      <subfield code="h">HQL3987 &lt;&lt;Grundsignatur&gt;&gt;</subfield>
      <subfield code="8">22423314220006446</subfield>
    </datafield>
    <datafield tag="HOL" ind1=" " ind2=" ">
      <subfield code="b">2021-04-15 18:54:20</subfield>
      <subfield code="8">22423314220006446</subfield>
      <subfield code="M">49HBZ_UDE</subfield>
      <subfield code="g">false</subfield>
      <subfield code="a">import</subfield>
    </datafield>
    <datafield tag="GST" ind1=" " ind2=" ">
      <subfield code="a">Mensch</subfield>
      <subfield code="x">Psychologie</subfield>
      <subfield code="A">GND</subfield>
      <subfield code="B">GND-040477045</subfield>
      <subfield code="C">450</subfield>
    </datafield>
    <datafield tag="GSI" ind1="7" ind2=" ">
      <subfield code="a">http://d-nb.info/gnd/4047704-6</subfield>
      <subfield code="2">uri</subfield>
      <subfield code="A">GND</subfield>
      <subfield code="B">GND-040477045</subfield>
      <subfield code="C">024</subfield>
    </datafield>
    <datafield tag="GPN" ind1="1" ind2=" ">
      <subfield code="a">Birbaumer, Niels Peter</subfield>
      <subfield code="d">1945-</subfield>
      <subfield code="A">GND</subfield>
      <subfield code="B">GND-121603164</subfield>
      <subfield code="C">400</subfield>
    </datafield>
    <datafield tag="GPN" ind1="1" ind2=" ">
      <subfield code="a">Birbaumer, N.</subfield>
      <subfield code="d">1945-</subfield>
      <subfield code="A">GND</subfield>
      <subfield code="B">GND-121603164</subfield>
      <subfield code="C">400</subfield>
    </datafield>
    <datafield tag="GPN" ind1="1" ind2=" ">
      <subfield code="a">Birbaumer, Niels-P.</subfield>
      <subfield code="d">1945-</subfield>
      <subfield code="A">GND</subfield>
      <subfield code="B">GND-121603164</subfield>
      <subfield code="C">400</subfield>
    </datafield>
    <datafield tag="GPN" ind1="1" ind2=" ">
      <subfield code="a">Birbaumer, Niels P.</subfield>
      <subfield code="d">1945-</subfield>
      <subfield code="A">GND</subfield>
      <subfield code="B">GND-121603164</subfield>
      <subfield code="C">400</subfield>
    </datafield>
    <datafield tag="GPN" ind1="1" ind2=" ">
      <subfield code="a">Birbaumer, Niels</subfield>
      <subfield code="d">1945-</subfield>
      <subfield code="A">GND</subfield>
      <subfield code="B">GND-121603164</subfield>
      <subfield code="C">400</subfield>
    </datafield>
    <datafield tag="GPN" ind1="1" ind2=" ">
      <subfield code="a">Birbaumer, N.-P.</subfield>
      <subfield code="d">1945-</subfield>
      <subfield code="A">GND</subfield>
      <subfield code="B">GND-121603164</subfield>
      <subfield code="C">400</subfield>
    </datafield>
    <datafield tag="GPN" ind1="1" ind2=" ">
      <subfield code="a">Birbaumer, N. P.</subfield>
      <subfield code="d">1945-</subfield>
      <subfield code="A">GND</subfield>
      <subfield code="B">GND-121603164</subfield>
      <subfield code="C">400</subfield>
    </datafield>
    <datafield tag="GSI" ind1="7" ind2=" ">
      <subfield code="a">http://d-nb.info/gnd/121603164</subfield>
      <subfield code="2">uri</subfield>
      <subfield code="A">GND</subfield>
      <subfield code="B">GND-121603164</subfield>
      <subfield code="C">024</subfield>
    </datafield>
  </record>