
  <record>
    <leader>02349nas#a2200721#ca4500</leader>
    <controlfield tag="005">20210407210636.0</controlfield>
    <controlfield tag="007">tu</controlfield>
    <controlfield tag="008">991118m19369999xxkq|#p#######|####|eng#c</controlfield>
    <controlfield tag="003">DE-605</controlfield>
    <controlfield tag="001">990054150240206441</controlfield>
    <datafield tag="016" ind1="7" ind2=" ">
      <subfield code="a">643891241</subfield>
      <subfield code="2">OCoLC</subfield>
    </datafield>
    <datafield tag="016" ind1="7" ind2=" ">
      <subfield code="a">010050450</subfield>
      <subfield code="2">DE-101b</subfield>
    </datafield>
    <datafield tag="016" ind1="7" ind2=" ">
      <subfield code="a">3376-5</subfield>
      <subfield code="2">DE-600</subfield>
    </datafield>
    <datafield tag="022" ind1=" " ind2=" ">
      <subfield code="a">0016-8777</subfield>
      <subfield code="0">(uri) http://worldcat.org/issn/0016-8777</subfield>
    </datafield>
    <datafield tag="029" ind1="a" ind2="c">
      <subfield code="a">1468-0483</subfield>
    </datafield>
    <datafield tag="035" ind1=" " ind2=" ">
      <subfield code="a">(DE-605)HT002193206</subfield>
    </datafield>
    <datafield tag="040" ind1=" " ind2=" ">
      <subfield code="a">9001</subfield>
      <subfield code="b">ger</subfield>
      <subfield code="c">DNB</subfield>
      <subfield code="d">0030</subfield>
    </datafield>
    <datafield tag="041" ind1=" " ind2=" ">
      <subfield code="a">eng</subfield>
    </datafield>
    <datafield tag="044" ind1=" " ind2=" ">
      <subfield code="c">XA-GB</subfield>
      <subfield code="c">XD-US</subfield>
    </datafield>
    <datafield tag="084" ind1=" " ind2=" ">
      <subfield code="a">7,20</subfield>
      <subfield code="2">ssgn</subfield>
    </datafield>
    <datafield tag="084" ind1=" " ind2=" ">
      <subfield code="a">25</subfield>
      <subfield code="2">ssgn</subfield>
    </datafield>
    <datafield tag="084" ind1=" " ind2=" ">
      <subfield code="a">LING</subfield>
      <subfield code="q">DE-30</subfield>
      <subfield code="2">fid</subfield>
    </datafield>
    <datafield tag="084" ind1=" " ind2=" ">
      <subfield code="a">GER</subfield>
      <subfield code="q">DE-30</subfield>
      <subfield code="2">fid</subfield>
    </datafield>
    <datafield tag="084" ind1=" " ind2=" ">
      <subfield code="a">100</subfield>
      <subfield code="q">DE-101</subfield>
      <subfield code="2">sdnb</subfield>
    </datafield>
    <datafield tag="084" ind1=" " ind2=" ">
      <subfield code="a">830</subfield>
      <subfield code="q">DE-600</subfield>
      <subfield code="2">zdbs</subfield>
    </datafield>
    <datafield tag="084" ind1=" " ind2=" ">
      <subfield code="a">012000*zs</subfield>
      <subfield code="2">sbb</subfield>
    </datafield>
    <datafield tag="084" ind1=" " ind2=" ">
      <subfield code="a">GEO 170z</subfield>
      <subfield code="a">GES 060z</subfield>
      <subfield code="a">LIT 220z</subfield>
      <subfield code="2">stub</subfield>
    </datafield>
    <datafield tag="084" ind1=" " ind2=" ">
      <subfield code="a">GA 1000</subfield>
      <subfield code="2">rvk</subfield>
    </datafield>
    <datafield tag="245" ind1="0" ind2="0">
      <subfield code="a">German life and letters</subfield>
    </datafield>
    <datafield tag="247" ind1="0" ind2="0">
      <subfield code="a">a quarterly review</subfield>
      <subfield code="f">Zusatz anfangs</subfield>
    </datafield>
    <datafield tag="247" ind1="0" ind2="0">
      <subfield code="a">German life &amp; letters</subfield>
      <subfield code="f">Hauptsacht. anfangs u. sp&#xE4;ter Nebent.</subfield>
    </datafield>
    <datafield tag="264" ind1="3" ind2="1">
      <subfield code="a">Oxford</subfield>
      <subfield code="a">Malden</subfield>
      <subfield code="b">Wiley-Blackwell</subfield>
      <subfield code="c">1936-</subfield>
      <subfield code="3">1936-</subfield>
    </datafield>
    <datafield tag="264" ind1="2" ind2="1">
      <subfield code="a">Oxford [u.a.]</subfield>
      <subfield code="b">Blackwell Publ.</subfield>
      <subfield code="3">anfangs</subfield>
    </datafield>
    <datafield tag="336" ind1=" " ind2=" ">
      <subfield code="b">txt</subfield>
    </datafield>
    <datafield tag="337" ind1=" " ind2=" ">
      <subfield code="b">n</subfield>
    </datafield>
    <datafield tag="338" ind1=" " ind2=" ">
      <subfield code="b">nc</subfield>
    </datafield>
    <datafield tag="362" ind1="0" ind2=" ">
      <subfield code="a">1.1936/37 - 4.1939,1; N.S. 1.1947/48 -</subfield>
    </datafield>
    <datafield tag="363" ind1="0" ind2="1">
      <subfield code="8">1.1\x</subfield>
      <subfield code="i">1936/37</subfield>
    </datafield>
    <datafield tag="500" ind1=" " ind2=" ">
      <subfield code="a">Einzelne Hefte auch als "Special number" bez.. - Repr.: New York, NY : Johnson</subfield>
      <subfield code="9">F:501</subfield>
    </datafield>
    <datafield tag="515" ind1=" " ind2=" ">
      <subfield code="a">Erscheint 4x j&#xE4;hrl.</subfield>
    </datafield>
    <datafield tag="555" ind1=" " ind2=" ">
      <subfield code="a">Index 1936/86; Index 1/55.1936/2002 &#xFC;ber Internetausg.</subfield>
    </datafield>
    <datafield tag="655" ind1=" " ind2="7">
      <subfield code="a">Zeitschrift</subfield>
      <subfield code="0">(DE-588)4067488-5</subfield>
      <subfield code="2">gnd-content</subfield>
      <subfield code="0">(uri) https://portal.dnb.de/opac.htm?method=simpleSearch&amp;cqlMode=true&amp;query=idn=040674886</subfield>
      <subfield code="0">(uri) http://viaf.org/viaf/sourceID/DNB|040674886</subfield>
      <subfield code="B">GND-040674886</subfield>
    </datafield>
    <datafield tag="689" ind1="0" ind2="0">
      <subfield code="a">Deutsch</subfield>
      <subfield code="D">s</subfield>
      <subfield code="0">(DE-588)4113292-0</subfield>
      <subfield code="0">(uri) https://portal.dnb.de/opac.htm?method=simpleSearch&amp;cqlMode=true&amp;query=idn=041132920</subfield>
      <subfield code="0">(uri) http://viaf.org/viaf/sourceID/DNB|041132920</subfield>
    </datafield>
    <datafield tag="689" ind1="0" ind2="1">
      <subfield code="a">Literatur</subfield>
      <subfield code="D">s</subfield>
      <subfield code="0">(DE-588)4035964-5</subfield>
      <subfield code="0">(uri) https://portal.dnb.de/opac.htm?method=simpleSearch&amp;cqlMode=true&amp;query=idn=040359646</subfield>
      <subfield code="0">(uri) http://viaf.org/viaf/sourceID/DNB|040359646</subfield>
    </datafield>
    <datafield tag="689" ind1="0" ind2="2">
      <subfield code="a">Zeitschrift</subfield>
      <subfield code="D">s</subfield>
      <subfield code="0">(DE-588)4067488-5</subfield>
      <subfield code="0">(uri) https://portal.dnb.de/opac.htm?method=simpleSearch&amp;cqlMode=true&amp;query=idn=040674886</subfield>
      <subfield code="0">(uri) http://viaf.org/viaf/sourceID/DNB|040674886</subfield>
    </datafield>
    <datafield tag="689" ind1="0" ind2=" ">
      <subfield code="5">ZDB</subfield>
    </datafield>
    <datafield tag="689" ind1="1" ind2="0">
      <subfield code="a">Deutschland</subfield>
      <subfield code="D">g</subfield>
      <subfield code="0">(DE-588)4011882-4</subfield>
      <subfield code="0">(uri) https://portal.dnb.de/opac.htm?method=simpleSearch&amp;cqlMode=true&amp;query=idn=040118827</subfield>
      <subfield code="0">(uri) http://viaf.org/viaf/sourceID/DNB|040118827</subfield>
      <subfield code="B">GND-040118827</subfield>
    </datafield>
    <datafield tag="689" ind1="1" ind2="1">
      <subfield code="a">Kultur</subfield>
      <subfield code="D">s</subfield>
      <subfield code="0">(DE-588)4125698-0</subfield>
      <subfield code="0">(uri) https://portal.dnb.de/opac.htm?method=simpleSearch&amp;cqlMode=true&amp;query=idn=041256980</subfield>
      <subfield code="0">(uri) http://viaf.org/viaf/sourceID/DNB|041256980</subfield>
    </datafield>
    <datafield tag="689" ind1="1" ind2="2">
      <subfield code="a">Geschichte</subfield>
      <subfield code="D">s</subfield>
      <subfield code="0">(DE-588)4020517-4</subfield>
      <subfield code="0">(uri) https://portal.dnb.de/opac.htm?method=simpleSearch&amp;cqlMode=true&amp;query=idn=040205177</subfield>
      <subfield code="0">(uri) http://viaf.org/viaf/sourceID/DNB|040205177</subfield>
      <subfield code="B">GND-040205177</subfield>
    </datafield>
    <datafield tag="689" ind1="1" ind2="3">
      <subfield code="a">Zeitschrift</subfield>
      <subfield code="D">s</subfield>
      <subfield code="0">(DE-588)4067488-5</subfield>
      <subfield code="0">(uri) https://portal.dnb.de/opac.htm?method=simpleSearch&amp;cqlMode=true&amp;query=idn=040674886</subfield>
      <subfield code="0">(uri) http://viaf.org/viaf/sourceID/DNB|040674886</subfield>
    </datafield>
    <datafield tag="689" ind1="1" ind2=" ">
      <subfield code="5">ZDB</subfield>
    </datafield>
    <datafield tag="689" ind1="2" ind2="0">
      <subfield code="a">Deutsch</subfield>
      <subfield code="D">s</subfield>
      <subfield code="0">(DE-588)4113292-0</subfield>
      <subfield code="0">(uri) https://portal.dnb.de/opac.htm?method=simpleSearch&amp;cqlMode=true&amp;query=idn=041132920</subfield>
      <subfield code="0">(uri) http://viaf.org/viaf/sourceID/DNB|041132920</subfield>
    </datafield>
    <datafield tag="689" ind1="2" ind2="1">
      <subfield code="a">Literatur</subfield>
      <subfield code="D">s</subfield>
      <subfield code="0">(DE-588)4035964-5</subfield>
      <subfield code="0">(uri) https://portal.dnb.de/opac.htm?method=simpleSearch&amp;cqlMode=true&amp;query=idn=040359646</subfield>
      <subfield code="0">(uri) http://viaf.org/viaf/sourceID/DNB|040359646</subfield>
    </datafield>
    <datafield tag="689" ind1="2" ind2="2">
      <subfield code="a">Kultur</subfield>
      <subfield code="D">s</subfield>
      <subfield code="0">(DE-588)4125698-0</subfield>
      <subfield code="0">(uri) https://portal.dnb.de/opac.htm?method=simpleSearch&amp;cqlMode=true&amp;query=idn=041256980</subfield>
      <subfield code="0">(uri) http://viaf.org/viaf/sourceID/DNB|041256980</subfield>
    </datafield>
    <datafield tag="689" ind1="2" ind2="3">
      <subfield code="a">Zeitschrift</subfield>
      <subfield code="A">f</subfield>
      <subfield code="0">(uri) https://portal.dnb.de/opac.htm?method=simpleSearch&amp;cqlMode=true&amp;query=idn=040674886</subfield>
      <subfield code="0">(uri) http://viaf.org/viaf/sourceID/DNB|040674886</subfield>
    </datafield>
    <datafield tag="689" ind1="2" ind2=" ">
      <subfield code="5">ZDB</subfield>
    </datafield>
    <datafield tag="776" ind1="0" ind2="8">
      <subfield code="i">Online-Ausg.</subfield>
      <subfield code="t">German life and letters</subfield>
      <subfield code="d">Oxford : Wiley-Blackwell, 1936-</subfield>
      <subfield code="h">Online-Ressource</subfield>
      <subfield code="w">(DE-605)HT012714430</subfield>
    </datafield>
    <datafield tag="964" ind1="0" ind2="s">
      <subfield code="F">030</subfield>
      <subfield code="A">a||u|||||||37</subfield>
    </datafield>
    <datafield tag="964" ind1="0" ind2="s">
      <subfield code="F">050</subfield>
      <subfield code="A">a|a|||||||||||</subfield>
    </datafield>
    <datafield tag="964" ind1="0" ind2="s">
      <subfield code="F">052</subfield>
      <subfield code="A">p||||||aq||||||</subfield>
    </datafield>
    <datafield tag="035" ind1=" " ind2=" ">
      <subfield code="a">(OCoLC)643891241</subfield>
      <subfield code="0">(uri) http://www.worldcat.org/oclc/643891241</subfield>
    </datafield>
    <datafield tag="035" ind1=" " ind2=" ">
      <subfield code="a">(DE-600)3376-5</subfield>
    </datafield>
    <datafield tag="035" ind1=" " ind2=" ">
      <subfield code="a">(DE-599)ZDB3376-5</subfield>
    </datafield>
    <datafield tag="MBD" ind1=" " ind2=" ">
      <subfield code="M">49HBZ_NETWORK</subfield>
      <subfield code="i">990054150240206441</subfield>
      <subfield code="n">HBZ Network</subfield>
    </datafield>
    <datafield tag="MBD" ind1=" " ind2=" ">
      <subfield code="M">49HBZ_BIE</subfield>
      <subfield code="i">991015603199706442</subfield>
      <subfield code="n">UB Bielefeld</subfield>
    </datafield>
    <datafield tag="500" ind1=" " ind2=" ">
      <subfield code="a">Einzelne Hefte auch als "Special number" bez.. - Repr.: New York, NY : Johnson</subfield>
      <subfield code="9">F:501</subfield>
      <subfield code="M">49HBZ_BIE</subfield>
    </datafield>
    <datafield tag="980" ind1="1" ind2=" ">
      <subfield code="e">HBZ</subfield>
      <subfield code="9">LOCAL</subfield>
      <subfield code="M">49HBZ_BIE</subfield>
    </datafield>
    <datafield tag="981" ind1=" " ind2=" ">
      <subfield code="a">(DE-361)388802</subfield>
      <subfield code="9">LOCAL</subfield>
      <subfield code="M">49HBZ_BIE</subfield>
    </datafield>
    <datafield tag="997" ind1=" " ind2=" ">
      <subfield code="a">20020120</subfield>
      <subfield code="9">LOCAL</subfield>
      <subfield code="M">49HBZ_BIE</subfield>
    </datafield>
    <datafield tag="MBD" ind1=" " ind2=" ">
      <subfield code="M">49HBZ_UDE</subfield>
      <subfield code="i">990003417980206446</subfield>
      <subfield code="n">UB Duisburg-Essen</subfield>
    </datafield>
    <datafield tag="500" ind1=" " ind2=" ">
      <subfield code="a">Einzelne Hefte auch als "Special number" bez.. - Repr.: New York, NY : Johnson</subfield>
      <subfield code="9">F:501</subfield>
      <subfield code="M">49HBZ_UDE</subfield>
    </datafield>
    <datafield tag="MBD" ind1=" " ind2=" ">
      <subfield code="M">49HBZ_WUP</subfield>
      <subfield code="i">990004037860206447</subfield>
      <subfield code="n">UB Wuppertal</subfield>
    </datafield>
    <datafield tag="500" ind1=" " ind2=" ">
      <subfield code="a">Einzelne Hefte auch als "Special number" bez.. - Repr.: New York, NY : Johnson</subfield>
      <subfield code="9">F:501</subfield>
      <subfield code="M">49HBZ_WUP</subfield>
    </datafield>
    <datafield tag="983" ind1=" " ind2=" ">
      <subfield code="b">07</subfield>
      <subfield code="9">LOCAL</subfield>
      <subfield code="M">49HBZ_WUP</subfield>
    </datafield>
    <datafield tag="MBD" ind1=" " ind2=" ">
      <subfield code="M">49HBZ_DUE</subfield>
      <subfield code="i">990003193840206443</subfield>
      <subfield code="n">ULB D&#xFC;sseldorf</subfield>
    </datafield>
    <datafield tag="500" ind1=" " ind2=" ">
      <subfield code="a">Einzelne Hefte auch als "Special number" bez.. - Repr.: New York, NY : Johnson</subfield>
      <subfield code="9">F:501</subfield>
      <subfield code="M">49HBZ_DUE</subfield>
    </datafield>
    <datafield tag="983" ind1=" " ind2=" ">
      <subfield code="a">DLIT&lt;&gt;21079</subfield>
      <subfield code="9">LOCAL</subfield>
      <subfield code="M">49HBZ_DUE</subfield>
    </datafield>
    <datafield tag="993" ind1=" " ind2=" ">
      <subfield code="a">B&#xF6;schenstein, Hermann</subfield>
      <subfield code="9">LOCAL</subfield>
      <subfield code="M">49HBZ_DUE</subfield>
    </datafield>
    <datafield tag="993" ind1=" " ind2=" ">
      <subfield code="a">Bibliographie</subfield>
      <subfield code="9">LOCAL</subfield>
      <subfield code="M">49HBZ_DUE</subfield>
    </datafield>
    <datafield tag="995" ind1=" " ind2=" ">
      <subfield code="a">zsmagex</subfield>
      <subfield code="9">LOCAL</subfield>
      <subfield code="M">49HBZ_DUE</subfield>
    </datafield>
    <datafield tag="996" ind1=" " ind2=" ">
      <subfield code="a">Germany</subfield>
      <subfield code="9">LOCAL</subfield>
      <subfield code="M">49HBZ_DUE</subfield>
    </datafield>
    <datafield tag="996" ind1=" " ind2=" ">
      <subfield code="a">letter</subfield>
      <subfield code="9">LOCAL</subfield>
      <subfield code="M">49HBZ_DUE</subfield>
    </datafield>
    <datafield tag="MNG" ind1=" " ind2=" ">
      <subfield code="c">System</subfield>
      <subfield code="f">ILS</subfield>
      <subfield code="i">marc21</subfield>
      <subfield code="k">01</subfield>
      <subfield code="e">false</subfield>
      <subfield code="d">2021-04-07 21:06:36 Europe/Berlin</subfield>
      <subfield code="g">005415024-HBZ01</subfield>
      <subfield code="j">90</subfield>
      <subfield code="a">import</subfield>
      <subfield code="b">2021-04-05 09:57:13 Europe/Berlin</subfield>
    </datafield>
    <datafield tag="H16" ind1="7" ind2=" ">
      <subfield code="a">3376-5</subfield>
      <subfield code="2">DE-600</subfield>
      <subfield code="8">22303975700006442</subfield>
    </datafield>
    <datafield tag="H35" ind1=" " ind2=" ">
      <subfield code="a">(DE-600)002296497</subfield>
      <subfield code="8">22303975700006442</subfield>
    </datafield>
    <datafield tag="H35" ind1=" " ind2=" ">
      <subfield code="a">(DE-361)002296497-49hbz_bie</subfield>
      <subfield code="8">22303975700006442</subfield>
    </datafield>
    <datafield tag="H92" ind1=" " ind2=" ">
      <subfield code="a">481000-4</subfield>
      <subfield code="d">361</subfield>
      <subfield code="k">NRW</subfield>
      <subfield code="l">a</subfield>
      <subfield code="o">c</subfield>
      <subfield code="8">22303975700006442</subfield>
    </datafield>
    <datafield tag="H52" ind1=" " ind2=" ">
      <subfield code="b">UB_BI</subfield>
      <subfield code="c">15_Zs</subfield>
      <subfield code="8">1</subfield>
      <subfield code="h">15 NA000 G179</subfield>
      <subfield code="9">00</subfield>
      <subfield code="8">22303975700006442</subfield>
    </datafield>
    <datafield tag="H59" ind1="0" ind2="0">
      <subfield code="8">1.1\x</subfield>
      <subfield code="a">1</subfield>
      <subfield code="i">1936/37</subfield>
      <subfield code="8">22303975700006442</subfield>
    </datafield>
    <datafield tag="H59" ind1="1" ind2="0">
      <subfield code="8">1.2\x</subfield>
      <subfield code="a">4</subfield>
      <subfield code="i">1939</subfield>
      <subfield code="8">22303975700006442</subfield>
    </datafield>
    <datafield tag="H66" ind1="3" ind2="0">
      <subfield code="a">1.1936/37 - 4.1939</subfield>
      <subfield code="8">22303975700006442</subfield>
    </datafield>
    <datafield tag="HOL" ind1=" " ind2=" ">
      <subfield code="b">2021-04-19 06:37:03</subfield>
      <subfield code="8">22303975700006442</subfield>
      <subfield code="M">49HBZ_BIE</subfield>
      <subfield code="g">false</subfield>
      <subfield code="a">import</subfield>
    </datafield>
    <datafield tag="H16" ind1="7" ind2=" ">
      <subfield code="a">3376-5</subfield>
      <subfield code="2">DE-600</subfield>
      <subfield code="8">22303975750006442</subfield>
    </datafield>
    <datafield tag="H35" ind1=" " ind2=" ">
      <subfield code="a">(DE-600)002296500</subfield>
      <subfield code="8">22303975750006442</subfield>
    </datafield>
    <datafield tag="H35" ind1=" " ind2=" ">
      <subfield code="a">(DE-361)002296500-49hbz_bie</subfield>
      <subfield code="8">22303975750006442</subfield>
    </datafield>
    <datafield tag="H92" ind1=" " ind2=" ">
      <subfield code="a">481000-4</subfield>
      <subfield code="d">361</subfield>
      <subfield code="k">NRW</subfield>
      <subfield code="l">a</subfield>
      <subfield code="o">c</subfield>
      <subfield code="8">22303975750006442</subfield>
    </datafield>
    <datafield tag="H52" ind1=" " ind2=" ">
      <subfield code="b">UB_BI</subfield>
      <subfield code="c">15_Zs</subfield>
      <subfield code="8">2</subfield>
      <subfield code="h">15 NA000 G180</subfield>
      <subfield code="9">00</subfield>
      <subfield code="8">22303975750006442</subfield>
    </datafield>
    <datafield tag="H59" ind1="0" ind2="0">
      <subfield code="8">1.1\x</subfield>
      <subfield code="a">1</subfield>
      <subfield code="i">1947/48</subfield>
      <subfield code="8">22303975750006442</subfield>
    </datafield>
    <datafield tag="H59" ind1="1" ind2="0">
      <subfield code="8">1.2\x</subfield>
      <subfield code="a">61</subfield>
      <subfield code="i">2008</subfield>
      <subfield code="8">22303975750006442</subfield>
    </datafield>
    <datafield tag="H66" ind1="3" ind2="0">
      <subfield code="9">N.S.</subfield>
      <subfield code="8">22303975750006442</subfield>
    </datafield>
    <datafield tag="H66" ind1="3" ind2="0">
      <subfield code="a">1.1947/48 - 61.2008</subfield>
      <subfield code="8">22303975750006442</subfield>
    </datafield>
    <datafield tag="HOL" ind1=" " ind2=" ">
      <subfield code="b">2021-04-19 06:37:03</subfield>
      <subfield code="8">22303975750006442</subfield>
      <subfield code="M">49HBZ_BIE</subfield>
      <subfield code="g">false</subfield>
      <subfield code="a">import</subfield>
    </datafield>
    <datafield tag="H16" ind1="7" ind2=" ">
      <subfield code="a">3376-5</subfield>
      <subfield code="2">DE-600</subfield>
      <subfield code="8">22413726200006446</subfield>
    </datafield>
    <datafield tag="H35" ind1=" " ind2=" ">
      <subfield code="a">(DE-600)002296594</subfield>
      <subfield code="8">22413726200006446</subfield>
    </datafield>
    <datafield tag="H92" ind1=" " ind2=" ">
      <subfield code="a">432000-1</subfield>
      <subfield code="k">NRW</subfield>
      <subfield code="l">a</subfield>
      <subfield code="o">b</subfield>
      <subfield code="p">x</subfield>
      <subfield code="8">22413726200006446</subfield>
    </datafield>
    <datafield tag="H52" ind1="8" ind2="1">
      <subfield code="a">DE-465</subfield>
      <subfield code="b">E0001</subfield>
      <subfield code="c">E06</subfield>
      <subfield code="h">07 Z 16</subfield>
      <subfield code="8">1</subfield>
      <subfield code="8">22413726200006446</subfield>
    </datafield>
    <datafield tag="H59" ind1="0" ind2="0">
      <subfield code="8">1.1\x</subfield>
      <subfield code="a">1</subfield>
      <subfield code="i">1936/37</subfield>
      <subfield code="8">22413726200006446</subfield>
    </datafield>
    <datafield tag="H59" ind1="1" ind2="0">
      <subfield code="8">1.2\x</subfield>
      <subfield code="a">4</subfield>
      <subfield code="i">1939</subfield>
      <subfield code="8">22413726200006446</subfield>
    </datafield>
    <datafield tag="H66" ind1="3" ind2="0">
      <subfield code="a">1.1936/37 - 4.1939</subfield>
      <subfield code="8">22413726200006446</subfield>
    </datafield>
    <datafield tag="HOL" ind1=" " ind2=" ">
      <subfield code="b">2021-04-15 18:16:01</subfield>
      <subfield code="8">22413726200006446</subfield>
      <subfield code="M">49HBZ_UDE</subfield>
      <subfield code="g">false</subfield>
      <subfield code="a">import</subfield>
    </datafield>
    <datafield tag="H16" ind1="7" ind2=" ">
      <subfield code="a">3376-5</subfield>
      <subfield code="2">DE-600</subfield>
      <subfield code="8">22413726100006446</subfield>
    </datafield>
    <datafield tag="H35" ind1=" " ind2=" ">
      <subfield code="a">(DE-600)080599346</subfield>
      <subfield code="8">22413726100006446</subfield>
    </datafield>
    <datafield tag="H92" ind1=" " ind2=" ">
      <subfield code="a">432000-1</subfield>
      <subfield code="k">NRW</subfield>
      <subfield code="l">a</subfield>
      <subfield code="o">b</subfield>
      <subfield code="p">x</subfield>
      <subfield code="8">22413726100006446</subfield>
    </datafield>
    <datafield tag="H52" ind1="8" ind2="1">
      <subfield code="a">DE-465</subfield>
      <subfield code="b">E0001</subfield>
      <subfield code="c">E06</subfield>
      <subfield code="h">07 Z 16</subfield>
      <subfield code="8">2</subfield>
      <subfield code="8">22413726100006446</subfield>
    </datafield>
    <datafield tag="H59" ind1="0" ind2="0">
      <subfield code="8">1.1\x</subfield>
      <subfield code="a">1</subfield>
      <subfield code="i">1947/48</subfield>
      <subfield code="8">22413726100006446</subfield>
    </datafield>
    <datafield tag="H59" ind1="1" ind2="0">
      <subfield code="8">1.2\x</subfield>
      <subfield code="a">62</subfield>
      <subfield code="i">2009</subfield>
      <subfield code="8">22413726100006446</subfield>
    </datafield>
    <datafield tag="H66" ind1="3" ind2="0">
      <subfield code="a">1.1947/48 - 62.2009</subfield>
      <subfield code="9">N.S.</subfield>
      <subfield code="8">22413726100006446</subfield>
    </datafield>
    <datafield tag="HOL" ind1=" " ind2=" ">
      <subfield code="b">2021-04-15 18:16:01</subfield>
      <subfield code="8">22413726100006446</subfield>
      <subfield code="M">49HBZ_UDE</subfield>
      <subfield code="g">false</subfield>
      <subfield code="a">import</subfield>
    </datafield>
    <datafield tag="ITM" ind1=" " ind2=" ">
      <subfield code="H">22413726200006446</subfield>
      <subfield code="x">E06</subfield>
      <subfield code="f">ISSBD</subfield>
      <subfield code="v">E06</subfield>
      <subfield code="p">31</subfield>
      <subfield code="X">System</subfield>
      <subfield code="U">2007-03-21 10:59:00</subfield>
      <subfield code="Y">2021-04-22 13:58:55</subfield>
      <subfield code="h">false</subfield>
      <subfield code="e">00002</subfield>
      <subfield code="n">07Z16</subfield>
      <subfield code="P">29</subfield>
      <subfield code="j">1</subfield>
      <subfield code="i">59</subfield>
      <subfield code="k">2006</subfield>
      <subfield code="M">49HBZ_UDE</subfield>
      <subfield code="s">1</subfield>
      <subfield code="d">8</subfield>
      <subfield code="V">import</subfield>
      <subfield code="L">Reg. lose</subfield>
      <subfield code="b">883995-310</subfield>
      <subfield code="a">23413726140006446</subfield>
      <subfield code="t">8</subfield>
      <subfield code="c">07 Z 16</subfield>
      <subfield code="q">Bd. 59, Nr. 1-4 (2006)</subfield>
      <subfield code="W">2021-04-15 18:16:01</subfield>
      <subfield code="u">E0001</subfield>
      <subfield code="w">E0001</subfield>
    </datafield>
    <datafield tag="ITM" ind1=" " ind2=" ">
      <subfield code="H">22413726200006446</subfield>
      <subfield code="x">E06</subfield>
      <subfield code="f">ISSBD</subfield>
      <subfield code="v">E06</subfield>
      <subfield code="p">31</subfield>
      <subfield code="X">exl_api</subfield>
      <subfield code="Y">2021-05-01 07:41:58</subfield>
      <subfield code="h">false</subfield>
      <subfield code="n">07Z16</subfield>
      <subfield code="M">49HBZ_UDE</subfield>
      <subfield code="s">1</subfield>
      <subfield code="d">8</subfield>
      <subfield code="V">exl_api</subfield>
      <subfield code="a">23441735440006446</subfield>
      <subfield code="t">8</subfield>
      <subfield code="c">07 Z 16</subfield>
      <subfield code="W">2021-05-01 07:41:57</subfield>
      <subfield code="u">E0001</subfield>
      <subfield code="w">E0001</subfield>
    </datafield>
    <datafield tag="ITM" ind1=" " ind2=" ">
      <subfield code="H">22413726200006446</subfield>
      <subfield code="x">E06</subfield>
      <subfield code="f">ISSBD</subfield>
      <subfield code="v">E06</subfield>
      <subfield code="p">31</subfield>
      <subfield code="X">System</subfield>
      <subfield code="U">2010-11-16 10:59:00</subfield>
      <subfield code="Y">2021-04-22 13:58:58</subfield>
      <subfield code="h">false</subfield>
      <subfield code="e">00002</subfield>
      <subfield code="n">07Z16</subfield>
      <subfield code="P">29</subfield>
      <subfield code="j">1</subfield>
      <subfield code="i">62</subfield>
      <subfield code="k">2009</subfield>
      <subfield code="M">49HBZ_UDE</subfield>
      <subfield code="s">1</subfield>
      <subfield code="d">8</subfield>
      <subfield code="V">import</subfield>
      <subfield code="b">883995-420</subfield>
      <subfield code="a">23413726110006446</subfield>
      <subfield code="t">8</subfield>
      <subfield code="c">07 Z 16</subfield>
      <subfield code="q">Bd. 62 (2009), H. 1-4</subfield>
      <subfield code="W">2021-04-15 18:16:01</subfield>
      <subfield code="u">E0001</subfield>
      <subfield code="w">E0001</subfield>
    </datafield>
    <datafield tag="ITM" ind1=" " ind2=" ">
      <subfield code="H">22413726200006446</subfield>
      <subfield code="x">E06</subfield>
      <subfield code="f">ISSBD</subfield>
      <subfield code="v">E06</subfield>
      <subfield code="p">31</subfield>
      <subfield code="X">System</subfield>
      <subfield code="U">2005-03-30 10:59:00</subfield>
      <subfield code="Y">2021-04-22 13:58:58</subfield>
      <subfield code="h">false</subfield>
      <subfield code="e">00001</subfield>
      <subfield code="n">07Z16</subfield>
      <subfield code="P">29</subfield>
      <subfield code="j">1</subfield>
      <subfield code="i">57</subfield>
      <subfield code="k">2004</subfield>
      <subfield code="M">49HBZ_UDE</subfield>
      <subfield code="s">1</subfield>
      <subfield code="d">8</subfield>
      <subfield code="V">import</subfield>
      <subfield code="L">Reg. separat im 1. Heft des Folgejahres.</subfield>
      <subfield code="b">883995-150</subfield>
      <subfield code="a">23413726160006446</subfield>
      <subfield code="t">8</subfield>
      <subfield code="c">07 Z 16</subfield>
      <subfield code="q">Bd. 57 (2004)</subfield>
      <subfield code="W">2021-04-15 18:16:01</subfield>
      <subfield code="u">E0001</subfield>
      <subfield code="w">E0001</subfield>
    </datafield>
    <datafield tag="ITM" ind1=" " ind2=" ">
      <subfield code="H">22413726200006446</subfield>
      <subfield code="x">E06</subfield>
      <subfield code="f">ISSBD</subfield>
      <subfield code="v">E06</subfield>
      <subfield code="p">31</subfield>
      <subfield code="X">System</subfield>
      <subfield code="U">2009-03-17 10:59:00</subfield>
      <subfield code="Y">2021-04-22 13:58:58</subfield>
      <subfield code="h">false</subfield>
      <subfield code="e">00002</subfield>
      <subfield code="n">07Z16</subfield>
      <subfield code="P">29</subfield>
      <subfield code="j">1</subfield>
      <subfield code="i">61</subfield>
      <subfield code="k">2008</subfield>
      <subfield code="M">49HBZ_UDE</subfield>
      <subfield code="s">1</subfield>
      <subfield code="d">8</subfield>
      <subfield code="V">import</subfield>
      <subfield code="b">883995-410</subfield>
      <subfield code="a">23413726120006446</subfield>
      <subfield code="t">8</subfield>
      <subfield code="c">07 Z 16</subfield>
      <subfield code="q">Bd. 61 (2008), H. 1-4</subfield>
      <subfield code="W">2021-04-15 18:16:01</subfield>
      <subfield code="u">E0001</subfield>
      <subfield code="w">E0001</subfield>
    </datafield>
    <datafield tag="ITM" ind1=" " ind2=" ">
      <subfield code="H">22413726200006446</subfield>
      <subfield code="x">E06</subfield>
      <subfield code="f">ISSBD</subfield>
      <subfield code="v">E06</subfield>
      <subfield code="p">31</subfield>
      <subfield code="X">System</subfield>
      <subfield code="U">2008-02-25 10:59:00</subfield>
      <subfield code="Y">2021-04-22 13:58:55</subfield>
      <subfield code="h">false</subfield>
      <subfield code="e">00002</subfield>
      <subfield code="n">07Z16</subfield>
      <subfield code="P">29</subfield>
      <subfield code="j">1</subfield>
      <subfield code="i">60</subfield>
      <subfield code="k">2007</subfield>
      <subfield code="M">49HBZ_UDE</subfield>
      <subfield code="s">1</subfield>
      <subfield code="d">8</subfield>
      <subfield code="V">import</subfield>
      <subfield code="b">883995-360</subfield>
      <subfield code="a">23413726130006446</subfield>
      <subfield code="t">8</subfield>
      <subfield code="c">07 Z 16</subfield>
      <subfield code="q">Bd. 60 (2007), H. 1-4</subfield>
      <subfield code="W">2021-04-15 18:16:01</subfield>
      <subfield code="u">E0001</subfield>
      <subfield code="w">E0001</subfield>
    </datafield>
    <datafield tag="ITM" ind1=" " ind2=" ">
      <subfield code="H">22413726200006446</subfield>
      <subfield code="x">E06</subfield>
      <subfield code="f">ISSBD</subfield>
      <subfield code="v">E06</subfield>
      <subfield code="p">31</subfield>
      <subfield code="X">System</subfield>
      <subfield code="U">2006-03-15 10:59:00</subfield>
      <subfield code="Y">2021-04-22 13:58:59</subfield>
      <subfield code="h">false</subfield>
      <subfield code="e">00001</subfield>
      <subfield code="n">07Z16</subfield>
      <subfield code="P">29</subfield>
      <subfield code="j">1</subfield>
      <subfield code="i">58</subfield>
      <subfield code="k">2005</subfield>
      <subfield code="M">49HBZ_UDE</subfield>
      <subfield code="s">1</subfield>
      <subfield code="d">8</subfield>
      <subfield code="V">import</subfield>
      <subfield code="b">883995-101</subfield>
      <subfield code="a">23413726150006446</subfield>
      <subfield code="t">8</subfield>
      <subfield code="c">07 Z 16</subfield>
      <subfield code="q">Bd. 58, Nr. 1-4 (2005)</subfield>
      <subfield code="W">2021-04-15 18:16:01</subfield>
      <subfield code="u">E0001</subfield>
      <subfield code="w">E0001</subfield>
    </datafield>
    <datafield tag="ITM" ind1=" " ind2=" ">
      <subfield code="H">22413726200006446</subfield>
      <subfield code="x">E06</subfield>
      <subfield code="f">ISSBD</subfield>
      <subfield code="v">E06</subfield>
      <subfield code="p">31</subfield>
      <subfield code="X">System</subfield>
      <subfield code="U">2004-03-31 10:59:00</subfield>
      <subfield code="Y">2021-04-22 13:58:55</subfield>
      <subfield code="h">false</subfield>
      <subfield code="e">00001</subfield>
      <subfield code="n">07Z16</subfield>
      <subfield code="j">1</subfield>
      <subfield code="i">56</subfield>
      <subfield code="k">2003</subfield>
      <subfield code="M">49HBZ_UDE</subfield>
      <subfield code="s">1</subfield>
      <subfield code="d">8</subfield>
      <subfield code="V">import</subfield>
      <subfield code="b">883995-70</subfield>
      <subfield code="a">23413726170006446</subfield>
      <subfield code="t">8</subfield>
      <subfield code="c">07 Z 16</subfield>
      <subfield code="q">Bd. 56  (2003)</subfield>
      <subfield code="W">2021-04-15 18:16:01</subfield>
      <subfield code="u">E0001</subfield>
      <subfield code="w">E0001</subfield>
    </datafield>
    <datafield tag="H16" ind1="7" ind2=" ">
      <subfield code="a">3376-5</subfield>
      <subfield code="2">DE-600</subfield>
      <subfield code="8">22135134650006447</subfield>
    </datafield>
    <datafield tag="H35" ind1=" " ind2=" ">
      <subfield code="a">(DE-600)002296659</subfield>
      <subfield code="8">22135134650006447</subfield>
    </datafield>
    <datafield tag="H92" ind1=" " ind2=" ">
      <subfield code="a">561000-x</subfield>
      <subfield code="k">NRW</subfield>
      <subfield code="l">a</subfield>
      <subfield code="o">c</subfield>
      <subfield code="8">22135134650006447</subfield>
    </datafield>
    <datafield tag="H52" ind1="8" ind2="1">
      <subfield code="a">DE-468</subfield>
      <subfield code="b">W0001</subfield>
      <subfield code="c">10</subfield>
      <subfield code="h">07G6</subfield>
      <subfield code="8">3</subfield>
      <subfield code="8">22135134650006447</subfield>
    </datafield>
    <datafield tag="H59" ind1="0" ind2="0">
      <subfield code="8">1.1\x</subfield>
      <subfield code="a">44</subfield>
      <subfield code="i">1990/91</subfield>
      <subfield code="8">22135134650006447</subfield>
    </datafield>
    <datafield tag="H59" ind1="1" ind2="0">
      <subfield code="8">1.2\x</subfield>
      <subfield code="a">63</subfield>
      <subfield code="i">2010</subfield>
      <subfield code="8">22135134650006447</subfield>
    </datafield>
    <datafield tag="H66" ind1="3" ind2="0">
      <subfield code="a">44.1990/91 - 63.2010</subfield>
      <subfield code="8">22135134650006447</subfield>
    </datafield>
    <datafield tag="HOL" ind1=" " ind2=" ">
      <subfield code="b">2021-04-06 08:23:27</subfield>
      <subfield code="8">22135134650006447</subfield>
      <subfield code="M">49HBZ_WUP</subfield>
      <subfield code="g">false</subfield>
      <subfield code="a">import</subfield>
    </datafield>
    <datafield tag="H52" ind1=" " ind2=" ">
      <subfield code="b">W0001</subfield>
      <subfield code="c">10</subfield>
      <subfield code="h"/>
      <subfield code="8">22135134890006447</subfield>
    </datafield>
    <datafield tag="HOL" ind1=" " ind2=" ">
      <subfield code="b">2021-04-06 08:23:27</subfield>
      <subfield code="8">22135134890006447</subfield>
      <subfield code="M">49HBZ_WUP</subfield>
      <subfield code="g">false</subfield>
      <subfield code="a">import</subfield>
    </datafield>
    <datafield tag="H16" ind1="7" ind2=" ">
      <subfield code="a">3376-5</subfield>
      <subfield code="2">DE-600</subfield>
      <subfield code="8">22135134640006447</subfield>
    </datafield>
    <datafield tag="H35" ind1=" " ind2=" ">
      <subfield code="a">(DE-600)002296667</subfield>
      <subfield code="8">22135134640006447</subfield>
    </datafield>
    <datafield tag="H92" ind1=" " ind2=" ">
      <subfield code="a">561000-X</subfield>
      <subfield code="k">NRW</subfield>
      <subfield code="l">a</subfield>
      <subfield code="o">c</subfield>
      <subfield code="p">x</subfield>
      <subfield code="8">22135134640006447</subfield>
    </datafield>
    <datafield tag="H52" ind1="8" ind2="1">
      <subfield code="a">DE-468</subfield>
      <subfield code="b">W0001</subfield>
      <subfield code="c">04</subfield>
      <subfield code="h">07G6</subfield>
      <subfield code="8">24</subfield>
      <subfield code="8">22135134640006447</subfield>
    </datafield>
    <datafield tag="H66" ind1="3" ind2="0">
      <subfield code="a">1936/86(1990)</subfield>
      <subfield code="9">- Index zu</subfield>
      <subfield code="8">22135134640006447</subfield>
    </datafield>
    <datafield tag="HOL" ind1=" " ind2=" ">
      <subfield code="b">2021-04-06 08:23:27</subfield>
      <subfield code="8">22135134640006447</subfield>
      <subfield code="M">49HBZ_WUP</subfield>
      <subfield code="g">false</subfield>
      <subfield code="a">import</subfield>
    </datafield>
    <datafield tag="H52" ind1=" " ind2=" ">
      <subfield code="b">W0001</subfield>
      <subfield code="c">04</subfield>
      <subfield code="h"/>
      <subfield code="8">22135134910006447</subfield>
    </datafield>
    <datafield tag="HOL" ind1=" " ind2=" ">
      <subfield code="b">2021-04-06 08:23:27</subfield>
      <subfield code="8">22135134910006447</subfield>
      <subfield code="M">49HBZ_WUP</subfield>
      <subfield code="g">false</subfield>
      <subfield code="a">import</subfield>
    </datafield>
    <datafield tag="H16" ind1="7" ind2=" ">
      <subfield code="a">3376-5</subfield>
      <subfield code="2">DE-600</subfield>
      <subfield code="8">22135134660006447</subfield>
    </datafield>
    <datafield tag="H35" ind1=" " ind2=" ">
      <subfield code="a">(DE-600)002296640</subfield>
      <subfield code="8">22135134660006447</subfield>
    </datafield>
    <datafield tag="H92" ind1=" " ind2=" ">
      <subfield code="a">561000-x</subfield>
      <subfield code="k">NRW</subfield>
      <subfield code="l">a</subfield>
      <subfield code="o">c</subfield>
      <subfield code="8">22135134660006447</subfield>
    </datafield>
    <datafield tag="H52" ind1="8" ind2="1">
      <subfield code="b">W0001</subfield>
      <subfield code="c">04</subfield>
      <subfield code="h">07G6</subfield>
      <subfield code="8">2</subfield>
      <subfield code="8">22135134660006447</subfield>
    </datafield>
    <datafield tag="H59" ind1="0" ind2="0">
      <subfield code="8">1.1\x</subfield>
      <subfield code="a">1</subfield>
      <subfield code="i">1947/48</subfield>
      <subfield code="8">22135134660006447</subfield>
    </datafield>
    <datafield tag="H59" ind1="1" ind2="0">
      <subfield code="8">1.2\x</subfield>
      <subfield code="a">43</subfield>
      <subfield code="i">1989/90</subfield>
      <subfield code="8">22135134660006447</subfield>
    </datafield>
    <datafield tag="H66" ind1="3" ind2="0">
      <subfield code="a">1.1947/48 - 43.1989/90</subfield>
      <subfield code="9">N.S.</subfield>
      <subfield code="8">22135134660006447</subfield>
    </datafield>
    <datafield tag="HOL" ind1=" " ind2=" ">
      <subfield code="b">2021-04-06 08:23:27</subfield>
      <subfield code="8">22135134660006447</subfield>
      <subfield code="M">49HBZ_WUP</subfield>
      <subfield code="g">false</subfield>
      <subfield code="a">import</subfield>
    </datafield>
    <datafield tag="ITM" ind1=" " ind2=" ">
      <subfield code="H">22135134890006447</subfield>
      <subfield code="x">10</subfield>
      <subfield code="f">ISSUE</subfield>
      <subfield code="v">10</subfield>
      <subfield code="p">32</subfield>
      <subfield code="X">System</subfield>
      <subfield code="U">2008-01-28 10:59:00</subfield>
      <subfield code="Y">2021-04-06 08:24:04</subfield>
      <subfield code="h">false</subfield>
      <subfield code="e">00001</subfield>
      <subfield code="n">07G6</subfield>
      <subfield code="j">1</subfield>
      <subfield code="i">61</subfield>
      <subfield code="k">2008</subfield>
      <subfield code="M">49HBZ_WUP</subfield>
      <subfield code="s">1</subfield>
      <subfield code="d">#</subfield>
      <subfield code="V">import</subfield>
      <subfield code="b">953418-80</subfield>
      <subfield code="a">23135134790006447</subfield>
      <subfield code="q">61(2008),1 + Index</subfield>
      <subfield code="W">2021-04-06 08:23:27</subfield>
      <subfield code="u">W0001</subfield>
      <subfield code="w">W0001</subfield>
    </datafield>
    <datafield tag="ITM" ind1=" " ind2=" ">
      <subfield code="H">22135134890006447</subfield>
      <subfield code="x">10</subfield>
      <subfield code="f">ISSUE</subfield>
      <subfield code="v">10</subfield>
      <subfield code="p">32</subfield>
      <subfield code="X">System</subfield>
      <subfield code="U">2007-02-05 10:59:00</subfield>
      <subfield code="Y">2021-04-06 08:24:04</subfield>
      <subfield code="h">false</subfield>
      <subfield code="e">00001</subfield>
      <subfield code="n">07G6</subfield>
      <subfield code="j">1</subfield>
      <subfield code="i">60</subfield>
      <subfield code="k">2007</subfield>
      <subfield code="M">49HBZ_WUP</subfield>
      <subfield code="s">1</subfield>
      <subfield code="d">#</subfield>
      <subfield code="V">import</subfield>
      <subfield code="b">953418-40</subfield>
      <subfield code="a">23135134870006447</subfield>
      <subfield code="q">60(2007),1</subfield>
      <subfield code="W">2021-04-06 08:23:27</subfield>
      <subfield code="u">W0001</subfield>
      <subfield code="w">W0001</subfield>
    </datafield>
    <datafield tag="ITM" ind1=" " ind2=" ">
      <subfield code="H">22135134890006447</subfield>
      <subfield code="x">10</subfield>
      <subfield code="f">ISSUE</subfield>
      <subfield code="v">10</subfield>
      <subfield code="p">36</subfield>
      <subfield code="X">System</subfield>
      <subfield code="U">2007-02-23 10:59:00</subfield>
      <subfield code="Y">2021-04-06 08:24:04</subfield>
      <subfield code="h">false</subfield>
      <subfield code="n">07G6</subfield>
      <subfield code="M">49HBZ_WUP</subfield>
      <subfield code="s">1</subfield>
      <subfield code="d">#</subfield>
      <subfield code="V">import</subfield>
      <subfield code="b">953418-20</subfield>
      <subfield code="a">23135134880006447</subfield>
      <subfield code="q">opac</subfield>
      <subfield code="W">2021-04-06 08:23:27</subfield>
      <subfield code="u">W0001</subfield>
      <subfield code="w">W0001</subfield>
    </datafield>
    <datafield tag="ITM" ind1=" " ind2=" ">
      <subfield code="H">22135134890006447</subfield>
      <subfield code="x">10</subfield>
      <subfield code="f">ISSUE</subfield>
      <subfield code="v">10</subfield>
      <subfield code="p">32</subfield>
      <subfield code="X">System</subfield>
      <subfield code="U">2010-09-30 10:59:00</subfield>
      <subfield code="Y">2021-04-06 08:24:04</subfield>
      <subfield code="h">false</subfield>
      <subfield code="e">00001</subfield>
      <subfield code="n">07G6</subfield>
      <subfield code="j">4</subfield>
      <subfield code="i">63</subfield>
      <subfield code="k">2010</subfield>
      <subfield code="M">49HBZ_WUP</subfield>
      <subfield code="s">1</subfield>
      <subfield code="d">#</subfield>
      <subfield code="V">import</subfield>
      <subfield code="b">953418-190</subfield>
      <subfield code="a">23135134690006447</subfield>
      <subfield code="q">63(2010),4  letztes Heft</subfield>
      <subfield code="W">2021-04-06 08:23:27</subfield>
      <subfield code="u">W0001</subfield>
      <subfield code="w">W0001</subfield>
    </datafield>
    <datafield tag="ITM" ind1=" " ind2=" ">
      <subfield code="H">22135134890006447</subfield>
      <subfield code="x">10</subfield>
      <subfield code="f">ISSUE</subfield>
      <subfield code="v">10</subfield>
      <subfield code="p">32</subfield>
      <subfield code="X">System</subfield>
      <subfield code="U">2007-02-23 10:59:00</subfield>
      <subfield code="Y">2021-04-06 08:24:04</subfield>
      <subfield code="h">false</subfield>
      <subfield code="n">07G6</subfield>
      <subfield code="M">49HBZ_WUP</subfield>
      <subfield code="s">1</subfield>
      <subfield code="d">#</subfield>
      <subfield code="V">import</subfield>
      <subfield code="b">953418-10</subfield>
      <subfield code="a">23135134680006447</subfield>
      <subfield code="B">Z75/3065</subfield>
      <subfield code="D">20070223</subfield>
      <subfield code="q">abo</subfield>
      <subfield code="W">2021-04-06 08:23:27</subfield>
      <subfield code="u">W0001</subfield>
      <subfield code="w">W0001</subfield>
    </datafield>
    <datafield tag="ITM" ind1=" " ind2=" ">
      <subfield code="H">22135134890006447</subfield>
      <subfield code="x">10</subfield>
      <subfield code="f">ISSUE</subfield>
      <subfield code="v">10</subfield>
      <subfield code="p">32</subfield>
      <subfield code="X">System</subfield>
      <subfield code="U">2009-06-22 10:59:00</subfield>
      <subfield code="Y">2021-04-06 08:24:04</subfield>
      <subfield code="h">false</subfield>
      <subfield code="e">00001</subfield>
      <subfield code="n">07G6</subfield>
      <subfield code="j">3</subfield>
      <subfield code="i">62</subfield>
      <subfield code="k">2009</subfield>
      <subfield code="M">49HBZ_WUP</subfield>
      <subfield code="s">1</subfield>
      <subfield code="d">#</subfield>
      <subfield code="V">import</subfield>
      <subfield code="b">953418-140</subfield>
      <subfield code="a">23135134720006447</subfield>
      <subfield code="q">62(2009),3</subfield>
      <subfield code="W">2021-04-06 08:23:27</subfield>
      <subfield code="u">W0001</subfield>
      <subfield code="w">W0001</subfield>
    </datafield>
    <datafield tag="ITM" ind1=" " ind2=" ">
      <subfield code="H">22135134890006447</subfield>
      <subfield code="x">10</subfield>
      <subfield code="f">ISSUE</subfield>
      <subfield code="v">10</subfield>
      <subfield code="p">32</subfield>
      <subfield code="X">System</subfield>
      <subfield code="U">2007-09-18 10:59:00</subfield>
      <subfield code="Y">2021-04-06 08:24:04</subfield>
      <subfield code="h">false</subfield>
      <subfield code="e">00001</subfield>
      <subfield code="n">07G6</subfield>
      <subfield code="j">4</subfield>
      <subfield code="i">60</subfield>
      <subfield code="k">2007</subfield>
      <subfield code="M">49HBZ_WUP</subfield>
      <subfield code="s">1</subfield>
      <subfield code="d">#</subfield>
      <subfield code="V">import</subfield>
      <subfield code="b">953418-70</subfield>
      <subfield code="a">23135134810006447</subfield>
      <subfield code="q">60(2007),4</subfield>
      <subfield code="W">2021-04-06 08:23:27</subfield>
      <subfield code="u">W0001</subfield>
      <subfield code="w">W0001</subfield>
    </datafield>
    <datafield tag="ITM" ind1=" " ind2=" ">
      <subfield code="H">22135134890006447</subfield>
      <subfield code="x">10</subfield>
      <subfield code="f">ISSUE</subfield>
      <subfield code="v">10</subfield>
      <subfield code="p">32</subfield>
      <subfield code="X">System</subfield>
      <subfield code="U">2010-03-18 10:59:00</subfield>
      <subfield code="Y">2021-04-06 08:24:04</subfield>
      <subfield code="h">false</subfield>
      <subfield code="e">00001</subfield>
      <subfield code="n">07G6</subfield>
      <subfield code="j">2</subfield>
      <subfield code="i">63</subfield>
      <subfield code="k">2010</subfield>
      <subfield code="M">49HBZ_WUP</subfield>
      <subfield code="s">1</subfield>
      <subfield code="d">#</subfield>
      <subfield code="V">import</subfield>
      <subfield code="b">953418-170</subfield>
      <subfield code="a">23135134710006447</subfield>
      <subfield code="q">63(2010),2</subfield>
      <subfield code="W">2021-04-06 08:23:27</subfield>
      <subfield code="u">W0001</subfield>
      <subfield code="w">W0001</subfield>
    </datafield>
    <datafield tag="ITM" ind1=" " ind2=" ">
      <subfield code="H">22135134890006447</subfield>
      <subfield code="x">10</subfield>
      <subfield code="f">ISSUE</subfield>
      <subfield code="v">10</subfield>
      <subfield code="p">32</subfield>
      <subfield code="X">System</subfield>
      <subfield code="U">2009-09-23 10:59:00</subfield>
      <subfield code="Y">2021-04-06 08:24:04</subfield>
      <subfield code="h">false</subfield>
      <subfield code="e">00001</subfield>
      <subfield code="n">07G6</subfield>
      <subfield code="j">4</subfield>
      <subfield code="i">62</subfield>
      <subfield code="k">2009</subfield>
      <subfield code="M">49HBZ_WUP</subfield>
      <subfield code="s">1</subfield>
      <subfield code="d">#</subfield>
      <subfield code="V">import</subfield>
      <subfield code="b">953418-150</subfield>
      <subfield code="a">23135134730006447</subfield>
      <subfield code="q">62(2009),4 Ind.iH 1/10</subfield>
      <subfield code="W">2021-04-06 08:23:27</subfield>
      <subfield code="u">W0001</subfield>
      <subfield code="w">W0001</subfield>
    </datafield>
    <datafield tag="ITM" ind1=" " ind2=" ">
      <subfield code="H">22135134910006447</subfield>
      <subfield code="x">04</subfield>
      <subfield code="f">ISSUE</subfield>
      <subfield code="v">04</subfield>
      <subfield code="p">35</subfield>
      <subfield code="X">System</subfield>
      <subfield code="U">2007-02-23 10:59:00</subfield>
      <subfield code="Y">2021-04-06 08:24:04</subfield>
      <subfield code="h">false</subfield>
      <subfield code="n">07G6</subfield>
      <subfield code="M">49HBZ_WUP</subfield>
      <subfield code="s">1</subfield>
      <subfield code="d">#</subfield>
      <subfield code="V">import</subfield>
      <subfield code="b">953418-30</subfield>
      <subfield code="a">23135134900006447</subfield>
      <subfield code="q">magazin</subfield>
      <subfield code="W">2021-04-06 08:23:27</subfield>
      <subfield code="u">W0001</subfield>
      <subfield code="w">W0001</subfield>
    </datafield>
    <datafield tag="ITM" ind1=" " ind2=" ">
      <subfield code="H">22135134890006447</subfield>
      <subfield code="x">10</subfield>
      <subfield code="f">ISSUE</subfield>
      <subfield code="v">10</subfield>
      <subfield code="p">32</subfield>
      <subfield code="X">System</subfield>
      <subfield code="U">2010-06-23 10:59:00</subfield>
      <subfield code="Y">2021-04-06 08:24:04</subfield>
      <subfield code="h">false</subfield>
      <subfield code="e">00001</subfield>
      <subfield code="n">07G6</subfield>
      <subfield code="j">3</subfield>
      <subfield code="i">63</subfield>
      <subfield code="k">2010</subfield>
      <subfield code="M">49HBZ_WUP</subfield>
      <subfield code="s">1</subfield>
      <subfield code="d">#</subfield>
      <subfield code="V">import</subfield>
      <subfield code="b">953418-180</subfield>
      <subfield code="a">23135134670006447</subfield>
      <subfield code="q">63(2010),3</subfield>
      <subfield code="W">2021-04-06 08:23:27</subfield>
      <subfield code="u">W0001</subfield>
      <subfield code="w">W0001</subfield>
    </datafield>
    <datafield tag="ITM" ind1=" " ind2=" ">
      <subfield code="H">22135134890006447</subfield>
      <subfield code="x">10</subfield>
      <subfield code="f">ISSUE</subfield>
      <subfield code="v">10</subfield>
      <subfield code="p">32</subfield>
      <subfield code="X">System</subfield>
      <subfield code="U">2007-04-04 10:59:00</subfield>
      <subfield code="Y">2021-04-06 08:24:04</subfield>
      <subfield code="h">false</subfield>
      <subfield code="e">00001</subfield>
      <subfield code="n">07G6</subfield>
      <subfield code="j">2</subfield>
      <subfield code="i">60</subfield>
      <subfield code="k">2007</subfield>
      <subfield code="M">49HBZ_WUP</subfield>
      <subfield code="s">1</subfield>
      <subfield code="d">#</subfield>
      <subfield code="V">import</subfield>
      <subfield code="b">953418-50</subfield>
      <subfield code="a">23135134840006447</subfield>
      <subfield code="q">60(2007),2</subfield>
      <subfield code="W">2021-04-06 08:23:27</subfield>
      <subfield code="u">W0001</subfield>
      <subfield code="w">W0001</subfield>
    </datafield>
    <datafield tag="ITM" ind1=" " ind2=" ">
      <subfield code="H">22135134890006447</subfield>
      <subfield code="x">10</subfield>
      <subfield code="f">ISSUE</subfield>
      <subfield code="v">10</subfield>
      <subfield code="p">32</subfield>
      <subfield code="X">System</subfield>
      <subfield code="U">2009-03-17 10:59:00</subfield>
      <subfield code="Y">2021-04-06 08:24:04</subfield>
      <subfield code="h">false</subfield>
      <subfield code="e">00001</subfield>
      <subfield code="n">07G6</subfield>
      <subfield code="j">2</subfield>
      <subfield code="i">62</subfield>
      <subfield code="k">2009</subfield>
      <subfield code="M">49HBZ_WUP</subfield>
      <subfield code="s">1</subfield>
      <subfield code="d">#</subfield>
      <subfield code="V">import</subfield>
      <subfield code="b">953418-130</subfield>
      <subfield code="a">23135134750006447</subfield>
      <subfield code="q">62(2009),2</subfield>
      <subfield code="W">2021-04-06 08:23:27</subfield>
      <subfield code="u">W0001</subfield>
      <subfield code="w">W0001</subfield>
    </datafield>
    <datafield tag="ITM" ind1=" " ind2=" ">
      <subfield code="H">22135134890006447</subfield>
      <subfield code="x">10</subfield>
      <subfield code="f">ISSUE</subfield>
      <subfield code="v">10</subfield>
      <subfield code="p">32</subfield>
      <subfield code="X">System</subfield>
      <subfield code="U">2008-07-07 10:59:00</subfield>
      <subfield code="Y">2021-04-06 08:24:04</subfield>
      <subfield code="h">false</subfield>
      <subfield code="e">00001</subfield>
      <subfield code="n">07G6</subfield>
      <subfield code="j">3</subfield>
      <subfield code="i">61</subfield>
      <subfield code="k">2008</subfield>
      <subfield code="M">49HBZ_WUP</subfield>
      <subfield code="s">1</subfield>
      <subfield code="d">#</subfield>
      <subfield code="V">import</subfield>
      <subfield code="b">953418-100</subfield>
      <subfield code="a">23135134760006447</subfield>
      <subfield code="q">61(2008),3</subfield>
      <subfield code="W">2021-04-06 08:23:27</subfield>
      <subfield code="u">W0001</subfield>
      <subfield code="w">W0001</subfield>
    </datafield>
    <datafield tag="ITM" ind1=" " ind2=" ">
      <subfield code="H">22135134890006447</subfield>
      <subfield code="x">10</subfield>
      <subfield code="f">ISSUE</subfield>
      <subfield code="v">10</subfield>
      <subfield code="p">32</subfield>
      <subfield code="X">System</subfield>
      <subfield code="U">2007-06-28 10:59:00</subfield>
      <subfield code="Y">2021-04-06 08:24:04</subfield>
      <subfield code="h">false</subfield>
      <subfield code="e">00001</subfield>
      <subfield code="n">07G6</subfield>
      <subfield code="j">3</subfield>
      <subfield code="i">60</subfield>
      <subfield code="k">2007</subfield>
      <subfield code="M">49HBZ_WUP</subfield>
      <subfield code="s">1</subfield>
      <subfield code="d">#</subfield>
      <subfield code="V">import</subfield>
      <subfield code="b">953418-60</subfield>
      <subfield code="a">23135134830006447</subfield>
      <subfield code="q">60(2007),3</subfield>
      <subfield code="W">2021-04-06 08:23:27</subfield>
      <subfield code="u">W0001</subfield>
      <subfield code="w">W0001</subfield>
    </datafield>
    <datafield tag="ITM" ind1=" " ind2=" ">
      <subfield code="H">22135134890006447</subfield>
      <subfield code="x">10</subfield>
      <subfield code="f">ISSUE</subfield>
      <subfield code="v">10</subfield>
      <subfield code="p">32</subfield>
      <subfield code="X">System</subfield>
      <subfield code="U">2010-01-19 10:59:00</subfield>
      <subfield code="Y">2021-04-06 08:24:04</subfield>
      <subfield code="h">false</subfield>
      <subfield code="e">00001</subfield>
      <subfield code="n">07G6</subfield>
      <subfield code="j">1</subfield>
      <subfield code="i">63</subfield>
      <subfield code="k">2010</subfield>
      <subfield code="M">49HBZ_WUP</subfield>
      <subfield code="s">1</subfield>
      <subfield code="d">#</subfield>
      <subfield code="V">import</subfield>
      <subfield code="b">953418-160</subfield>
      <subfield code="a">23135134700006447</subfield>
      <subfield code="q">63(2010),1</subfield>
      <subfield code="W">2021-04-06 08:23:27</subfield>
      <subfield code="u">W0001</subfield>
      <subfield code="w">W0001</subfield>
    </datafield>
    <datafield tag="ITM" ind1=" " ind2=" ">
      <subfield code="H">22135134890006447</subfield>
      <subfield code="x">10</subfield>
      <subfield code="f">ISSUE</subfield>
      <subfield code="v">10</subfield>
      <subfield code="p">32</subfield>
      <subfield code="X">System</subfield>
      <subfield code="U">2009-01-14 10:59:00</subfield>
      <subfield code="Y">2021-04-06 08:24:04</subfield>
      <subfield code="h">false</subfield>
      <subfield code="e">00001</subfield>
      <subfield code="n">07G6</subfield>
      <subfield code="j">1</subfield>
      <subfield code="i">62</subfield>
      <subfield code="k">2009</subfield>
      <subfield code="M">49HBZ_WUP</subfield>
      <subfield code="s">1</subfield>
      <subfield code="d">#</subfield>
      <subfield code="V">import</subfield>
      <subfield code="b">953418-120</subfield>
      <subfield code="a">23135134740006447</subfield>
      <subfield code="q">62(2009),1 + Index</subfield>
      <subfield code="W">2021-04-06 08:23:27</subfield>
      <subfield code="u">W0001</subfield>
      <subfield code="w">W0001</subfield>
    </datafield>
    <datafield tag="ITM" ind1=" " ind2=" ">
      <subfield code="H">22135134890006447</subfield>
      <subfield code="x">10</subfield>
      <subfield code="f">ISSUE</subfield>
      <subfield code="v">10</subfield>
      <subfield code="p">32</subfield>
      <subfield code="X">System</subfield>
      <subfield code="U">2008-10-02 10:59:00</subfield>
      <subfield code="Y">2021-04-06 08:24:04</subfield>
      <subfield code="h">false</subfield>
      <subfield code="e">00001</subfield>
      <subfield code="n">07G6</subfield>
      <subfield code="j">4</subfield>
      <subfield code="i">61</subfield>
      <subfield code="k">2008</subfield>
      <subfield code="M">49HBZ_WUP</subfield>
      <subfield code="s">1</subfield>
      <subfield code="d">#</subfield>
      <subfield code="V">import</subfield>
      <subfield code="b">953418-110</subfield>
      <subfield code="a">23135134770006447</subfield>
      <subfield code="q">61(2008),4</subfield>
      <subfield code="W">2021-04-06 08:23:27</subfield>
      <subfield code="u">W0001</subfield>
      <subfield code="w">W0001</subfield>
    </datafield>
    <datafield tag="ITM" ind1=" " ind2=" ">
      <subfield code="H">22135134890006447</subfield>
      <subfield code="x">10</subfield>
      <subfield code="f">ISSUE</subfield>
      <subfield code="v">10</subfield>
      <subfield code="p">32</subfield>
      <subfield code="X">System</subfield>
      <subfield code="U">2008-03-25 10:59:00</subfield>
      <subfield code="Y">2021-04-06 08:24:04</subfield>
      <subfield code="h">false</subfield>
      <subfield code="e">00001</subfield>
      <subfield code="n">07G6</subfield>
      <subfield code="j">2</subfield>
      <subfield code="i">61</subfield>
      <subfield code="k">2008</subfield>
      <subfield code="M">49HBZ_WUP</subfield>
      <subfield code="s">1</subfield>
      <subfield code="d">#</subfield>
      <subfield code="V">import</subfield>
      <subfield code="b">953418-90</subfield>
      <subfield code="a">23135134780006447</subfield>
      <subfield code="q">61(2008),2</subfield>
      <subfield code="W">2021-04-06 08:23:27</subfield>
      <subfield code="u">W0001</subfield>
      <subfield code="w">W0001</subfield>
    </datafield>
    <datafield tag="H16" ind1="7" ind2=" ">
      <subfield code="a">3376-5</subfield>
      <subfield code="2">DE-600</subfield>
      <subfield code="8">22244795780006443</subfield>
    </datafield>
    <datafield tag="H35" ind1=" " ind2=" ">
      <subfield code="a">(DE-600)002296152</subfield>
      <subfield code="8">22244795780006443</subfield>
    </datafield>
    <datafield tag="H92" ind1=" " ind2=" ">
      <subfield code="a">401000-0</subfield>
      <subfield code="d">61</subfield>
      <subfield code="k">NRW</subfield>
      <subfield code="l">a</subfield>
      <subfield code="o">c</subfield>
      <subfield code="8">22244795780006443</subfield>
    </datafield>
    <datafield tag="H52" ind1="8" ind2="1">
      <subfield code="a">DE-61</subfield>
      <subfield code="b">X0001</subfield>
      <subfield code="c">01P</subfield>
      <subfield code="h">ger z g 120</subfield>
      <subfield code="8">1</subfield>
      <subfield code="8">22244795780006443</subfield>
    </datafield>
    <datafield tag="H59" ind1="0" ind2="0">
      <subfield code="8">1.1\x</subfield>
      <subfield code="a">1</subfield>
      <subfield code="i">1936/37</subfield>
      <subfield code="8">22244795780006443</subfield>
    </datafield>
    <datafield tag="H59" ind1="1" ind2="0">
      <subfield code="8">1.2\x</subfield>
      <subfield code="a">61</subfield>
      <subfield code="i">2008</subfield>
      <subfield code="8">22244795780006443</subfield>
    </datafield>
    <datafield tag="H66" ind1="3" ind2="0">
      <subfield code="a">1.1936/37 - 61.2008</subfield>
      <subfield code="8">22244795780006443</subfield>
    </datafield>
    <datafield tag="HOL" ind1=" " ind2=" ">
      <subfield code="b">2021-04-01 09:21:19</subfield>
      <subfield code="8">22244795780006443</subfield>
      <subfield code="M">49HBZ_DUE</subfield>
      <subfield code="g">false</subfield>
      <subfield code="a">import</subfield>
    </datafield>
    <datafield tag="ITM" ind1=" " ind2=" ">
      <subfield code="H">22244795780006443</subfield>
      <subfield code="x">01P</subfield>
      <subfield code="f">ISSBD</subfield>
      <subfield code="v">01P</subfield>
      <subfield code="p">32</subfield>
      <subfield code="X">System</subfield>
      <subfield code="U">2000-01-01 10:59:00</subfield>
      <subfield code="Y">2021-04-01 09:21:33</subfield>
      <subfield code="h">false</subfield>
      <subfield code="n">gerz.g120</subfield>
      <subfield code="i">28</subfield>
      <subfield code="k">1975</subfield>
      <subfield code="M">49HBZ_DUE</subfield>
      <subfield code="s">1</subfield>
      <subfield code="d">8</subfield>
      <subfield code="V">import</subfield>
      <subfield code="a">23244795480006443</subfield>
      <subfield code="t">8</subfield>
      <subfield code="c">ger z g 120</subfield>
      <subfield code="q">NS 28.1974/75</subfield>
      <subfield code="W">2021-04-01 09:21:19</subfield>
      <subfield code="u">X0001</subfield>
      <subfield code="w">X0001</subfield>
    </datafield>
    <datafield tag="ITM" ind1=" " ind2=" ">
      <subfield code="H">22244795780006443</subfield>
      <subfield code="x">01P</subfield>
      <subfield code="f">ISSBD</subfield>
      <subfield code="v">01P</subfield>
      <subfield code="p">32</subfield>
      <subfield code="X">System</subfield>
      <subfield code="U">2000-01-01 10:59:00</subfield>
      <subfield code="Y">2021-04-01 09:21:33</subfield>
      <subfield code="h">false</subfield>
      <subfield code="n">gerz.g120</subfield>
      <subfield code="i">27</subfield>
      <subfield code="k">1973</subfield>
      <subfield code="M">49HBZ_DUE</subfield>
      <subfield code="s">1</subfield>
      <subfield code="d">8</subfield>
      <subfield code="V">import</subfield>
      <subfield code="a">23244795490006443</subfield>
      <subfield code="t">8</subfield>
      <subfield code="c">ger z g 120</subfield>
      <subfield code="q">NS 27.1973/74</subfield>
      <subfield code="W">2021-04-01 09:21:19</subfield>
      <subfield code="u">X0001</subfield>
      <subfield code="w">X0001</subfield>
    </datafield>
    <datafield tag="ITM" ind1=" " ind2=" ">
      <subfield code="H">22244795780006443</subfield>
      <subfield code="x">01P</subfield>
      <subfield code="f">ISSBD</subfield>
      <subfield code="v">01P</subfield>
      <subfield code="p">32</subfield>
      <subfield code="X">System</subfield>
      <subfield code="U">2000-01-01 10:59:00</subfield>
      <subfield code="Y">2021-04-01 09:21:33</subfield>
      <subfield code="h">false</subfield>
      <subfield code="n">gerz.g120</subfield>
      <subfield code="i">4</subfield>
      <subfield code="k">1939</subfield>
      <subfield code="M">49HBZ_DUE</subfield>
      <subfield code="s">1</subfield>
      <subfield code="d">8</subfield>
      <subfield code="V">import</subfield>
      <subfield code="a">23244795680006443</subfield>
      <subfield code="t">8</subfield>
      <subfield code="c">ger z g 120</subfield>
      <subfield code="q">4.1939</subfield>
      <subfield code="W">2021-04-01 09:21:19</subfield>
      <subfield code="u">X0001</subfield>
      <subfield code="w">X0001</subfield>
    </datafield>
    <datafield tag="ITM" ind1=" " ind2=" ">
      <subfield code="H">22244795780006443</subfield>
      <subfield code="x">01P</subfield>
      <subfield code="f">ISSBD</subfield>
      <subfield code="v">01P</subfield>
      <subfield code="p">32</subfield>
      <subfield code="X">System</subfield>
      <subfield code="U">2000-01-01 10:59:00</subfield>
      <subfield code="Y">2021-04-01 09:21:33</subfield>
      <subfield code="h">false</subfield>
      <subfield code="n">gerz.g120</subfield>
      <subfield code="i">9</subfield>
      <subfield code="k">1955</subfield>
      <subfield code="M">49HBZ_DUE</subfield>
      <subfield code="s">1</subfield>
      <subfield code="d">8</subfield>
      <subfield code="V">import</subfield>
      <subfield code="L">LuStB</subfield>
      <subfield code="a">23244795630006443</subfield>
      <subfield code="t">8</subfield>
      <subfield code="c">ger z g 120</subfield>
      <subfield code="q">N.S. 9.1955/56</subfield>
      <subfield code="W">2021-04-01 09:21:19</subfield>
      <subfield code="u">X0001</subfield>
      <subfield code="w">X0001</subfield>
    </datafield>
    <datafield tag="ITM" ind1=" " ind2=" ">
      <subfield code="H">22244795780006443</subfield>
      <subfield code="x">01P</subfield>
      <subfield code="f">ISSBD</subfield>
      <subfield code="v">01P</subfield>
      <subfield code="p">32</subfield>
      <subfield code="X">System</subfield>
      <subfield code="U">2000-01-01 10:59:00</subfield>
      <subfield code="Y">2021-04-01 09:21:33</subfield>
      <subfield code="h">false</subfield>
      <subfield code="n">gerz.g120</subfield>
      <subfield code="i">7</subfield>
      <subfield code="k">1953</subfield>
      <subfield code="M">49HBZ_DUE</subfield>
      <subfield code="s">1</subfield>
      <subfield code="d">8</subfield>
      <subfield code="V">import</subfield>
      <subfield code="L">LuStB</subfield>
      <subfield code="a">23244795640006443</subfield>
      <subfield code="t">8</subfield>
      <subfield code="c">ger z g 120</subfield>
      <subfield code="q">N.S. 7/8.1953/54-1954/55</subfield>
      <subfield code="W">2021-04-01 09:21:19</subfield>
      <subfield code="u">X0001</subfield>
      <subfield code="w">X0001</subfield>
    </datafield>
    <datafield tag="ITM" ind1=" " ind2=" ">
      <subfield code="H">22244795780006443</subfield>
      <subfield code="x">01P</subfield>
      <subfield code="f">ISSBD</subfield>
      <subfield code="v">01P</subfield>
      <subfield code="p">32</subfield>
      <subfield code="X">System</subfield>
      <subfield code="U">2000-01-01 10:59:00</subfield>
      <subfield code="Y">2021-04-01 09:21:33</subfield>
      <subfield code="h">false</subfield>
      <subfield code="n">gerz.g120</subfield>
      <subfield code="i">5</subfield>
      <subfield code="k">1951</subfield>
      <subfield code="M">49HBZ_DUE</subfield>
      <subfield code="s">1</subfield>
      <subfield code="d">8</subfield>
      <subfield code="V">import</subfield>
      <subfield code="L">LuStB</subfield>
      <subfield code="a">23244795650006443</subfield>
      <subfield code="t">8</subfield>
      <subfield code="c">ger z g 120</subfield>
      <subfield code="q">N.S. 5/6.1951/52-1952/53</subfield>
      <subfield code="W">2021-04-01 09:21:19</subfield>
      <subfield code="u">X0001</subfield>
      <subfield code="w">X0001</subfield>
    </datafield>
    <datafield tag="ITM" ind1=" " ind2=" ">
      <subfield code="H">22244795780006443</subfield>
      <subfield code="x">01P</subfield>
      <subfield code="f">ISSBD</subfield>
      <subfield code="v">01P</subfield>
      <subfield code="p">32</subfield>
      <subfield code="X">System</subfield>
      <subfield code="U">2000-01-01 10:59:00</subfield>
      <subfield code="Y">2021-04-01 09:21:33</subfield>
      <subfield code="h">false</subfield>
      <subfield code="n">gerz.g120</subfield>
      <subfield code="i">3</subfield>
      <subfield code="k">1949</subfield>
      <subfield code="M">49HBZ_DUE</subfield>
      <subfield code="s">1</subfield>
      <subfield code="d">8</subfield>
      <subfield code="V">import</subfield>
      <subfield code="L">LuStB</subfield>
      <subfield code="a">23244795660006443</subfield>
      <subfield code="t">8</subfield>
      <subfield code="c">ger z g 120</subfield>
      <subfield code="q">N.S. 3/4.1949/50-1950/51</subfield>
      <subfield code="W">2021-04-01 09:21:19</subfield>
      <subfield code="u">X0001</subfield>
      <subfield code="w">X0001</subfield>
    </datafield>
    <datafield tag="ITM" ind1=" " ind2=" ">
      <subfield code="H">22244795780006443</subfield>
      <subfield code="x">01P</subfield>
      <subfield code="f">ISSBD</subfield>
      <subfield code="v">01P</subfield>
      <subfield code="p">32</subfield>
      <subfield code="X">System</subfield>
      <subfield code="U">2000-01-01 10:59:00</subfield>
      <subfield code="Y">2021-04-01 09:21:33</subfield>
      <subfield code="h">false</subfield>
      <subfield code="n">gerz.g120</subfield>
      <subfield code="i">1</subfield>
      <subfield code="k">1947</subfield>
      <subfield code="M">49HBZ_DUE</subfield>
      <subfield code="s">1</subfield>
      <subfield code="d">8</subfield>
      <subfield code="V">import</subfield>
      <subfield code="L">LuStB</subfield>
      <subfield code="a">23244795670006443</subfield>
      <subfield code="t">8</subfield>
      <subfield code="c">ger z g 120</subfield>
      <subfield code="q">N.S. 1/2.1947/48-1948/49</subfield>
      <subfield code="W">2021-04-01 09:21:19</subfield>
      <subfield code="u">X0001</subfield>
      <subfield code="w">X0001</subfield>
    </datafield>
    <datafield tag="ITM" ind1=" " ind2=" ">
      <subfield code="H">22244795780006443</subfield>
      <subfield code="x">01P</subfield>
      <subfield code="f">ISSBD</subfield>
      <subfield code="v">01P</subfield>
      <subfield code="p">32</subfield>
      <subfield code="X">System</subfield>
      <subfield code="U">2000-01-01 10:59:00</subfield>
      <subfield code="Y">2021-04-01 09:21:33</subfield>
      <subfield code="h">false</subfield>
      <subfield code="n">gerz.g120</subfield>
      <subfield code="i">31</subfield>
      <subfield code="k">1977</subfield>
      <subfield code="M">49HBZ_DUE</subfield>
      <subfield code="s">1</subfield>
      <subfield code="d">8</subfield>
      <subfield code="V">import</subfield>
      <subfield code="a">23244795450006443</subfield>
      <subfield code="t">8</subfield>
      <subfield code="c">ger z g 120</subfield>
      <subfield code="q">NS 31.1977/78</subfield>
      <subfield code="W">2021-04-01 09:21:19</subfield>
      <subfield code="u">X0001</subfield>
      <subfield code="w">X0001</subfield>
    </datafield>
    <datafield tag="ITM" ind1=" " ind2=" ">
      <subfield code="H">22244795780006443</subfield>
      <subfield code="x">01P</subfield>
      <subfield code="f">ISSBD</subfield>
      <subfield code="v">01P</subfield>
      <subfield code="p">32</subfield>
      <subfield code="X">System</subfield>
      <subfield code="U">2000-01-01 10:59:00</subfield>
      <subfield code="Y">2021-04-01 09:21:33</subfield>
      <subfield code="h">false</subfield>
      <subfield code="n">gerz.g120</subfield>
      <subfield code="i">10</subfield>
      <subfield code="k">1956</subfield>
      <subfield code="M">49HBZ_DUE</subfield>
      <subfield code="s">1</subfield>
      <subfield code="d">8</subfield>
      <subfield code="V">import</subfield>
      <subfield code="L">LuStB</subfield>
      <subfield code="a">23244795620006443</subfield>
      <subfield code="t">8</subfield>
      <subfield code="c">ger z g 120</subfield>
      <subfield code="q">N.S. 10/11.1956/57-1957/58</subfield>
      <subfield code="W">2021-04-01 09:21:19</subfield>
      <subfield code="u">X0001</subfield>
      <subfield code="w">X0001</subfield>
    </datafield>
    <datafield tag="ITM" ind1=" " ind2=" ">
      <subfield code="H">22244795780006443</subfield>
      <subfield code="x">01P</subfield>
      <subfield code="f">ISSBD</subfield>
      <subfield code="v">01P</subfield>
      <subfield code="p">32</subfield>
      <subfield code="X">System</subfield>
      <subfield code="U">2000-01-01 10:59:00</subfield>
      <subfield code="Y">2021-04-01 09:21:33</subfield>
      <subfield code="h">false</subfield>
      <subfield code="n">gerz.g120</subfield>
      <subfield code="i">32</subfield>
      <subfield code="k">1978</subfield>
      <subfield code="M">49HBZ_DUE</subfield>
      <subfield code="s">1</subfield>
      <subfield code="d">8</subfield>
      <subfield code="V">import</subfield>
      <subfield code="a">23244795440006443</subfield>
      <subfield code="t">8</subfield>
      <subfield code="c">ger z g 120</subfield>
      <subfield code="q">NS 32.1978/79</subfield>
      <subfield code="W">2021-04-01 09:21:19</subfield>
      <subfield code="u">X0001</subfield>
      <subfield code="w">X0001</subfield>
    </datafield>
    <datafield tag="ITM" ind1=" " ind2=" ">
      <subfield code="H">22244795780006443</subfield>
      <subfield code="x">01P</subfield>
      <subfield code="f">ISSBD</subfield>
      <subfield code="v">01P</subfield>
      <subfield code="p">32</subfield>
      <subfield code="X">System</subfield>
      <subfield code="U">2000-01-01 10:59:00</subfield>
      <subfield code="Y">2021-04-01 09:21:33</subfield>
      <subfield code="h">false</subfield>
      <subfield code="n">gerz.g120</subfield>
      <subfield code="i">30</subfield>
      <subfield code="k">1976</subfield>
      <subfield code="M">49HBZ_DUE</subfield>
      <subfield code="s">1</subfield>
      <subfield code="d">8</subfield>
      <subfield code="V">import</subfield>
      <subfield code="a">23244795460006443</subfield>
      <subfield code="t">8</subfield>
      <subfield code="c">ger z g 120</subfield>
      <subfield code="q">NS 30.1976/77</subfield>
      <subfield code="W">2021-04-01 09:21:19</subfield>
      <subfield code="u">X0001</subfield>
      <subfield code="w">X0001</subfield>
    </datafield>
    <datafield tag="ITM" ind1=" " ind2=" ">
      <subfield code="H">22244795780006443</subfield>
      <subfield code="x">01P</subfield>
      <subfield code="f">ISSBD</subfield>
      <subfield code="v">01P</subfield>
      <subfield code="p">32</subfield>
      <subfield code="X">System</subfield>
      <subfield code="U">2000-01-01 10:59:00</subfield>
      <subfield code="Y">2021-04-01 09:21:33</subfield>
      <subfield code="h">false</subfield>
      <subfield code="n">gerz.g120</subfield>
      <subfield code="i">33</subfield>
      <subfield code="k">1979</subfield>
      <subfield code="M">49HBZ_DUE</subfield>
      <subfield code="s">1</subfield>
      <subfield code="d">8</subfield>
      <subfield code="V">import</subfield>
      <subfield code="a">23244795430006443</subfield>
      <subfield code="t">8</subfield>
      <subfield code="c">ger z g 120</subfield>
      <subfield code="q">NS 33.1979/80</subfield>
      <subfield code="W">2021-04-01 09:21:19</subfield>
      <subfield code="u">X0001</subfield>
      <subfield code="w">X0001</subfield>
    </datafield>
    <datafield tag="ITM" ind1=" " ind2=" ">
      <subfield code="H">22244795780006443</subfield>
      <subfield code="x">01P</subfield>
      <subfield code="f">ISSBD</subfield>
      <subfield code="v">01P</subfield>
      <subfield code="p">32</subfield>
      <subfield code="X">System</subfield>
      <subfield code="U">2000-01-01 10:59:00</subfield>
      <subfield code="Y">2021-04-01 09:21:33</subfield>
      <subfield code="h">false</subfield>
      <subfield code="n">gerz.g120</subfield>
      <subfield code="i">29</subfield>
      <subfield code="k">1976</subfield>
      <subfield code="M">49HBZ_DUE</subfield>
      <subfield code="s">1</subfield>
      <subfield code="d">8</subfield>
      <subfield code="V">import</subfield>
      <subfield code="a">23244795470006443</subfield>
      <subfield code="t">8</subfield>
      <subfield code="c">ger z g 120</subfield>
      <subfield code="q">NS 29.1975/76</subfield>
      <subfield code="W">2021-04-01 09:21:19</subfield>
      <subfield code="u">X0001</subfield>
      <subfield code="w">X0001</subfield>
    </datafield>
    <datafield tag="ITM" ind1=" " ind2=" ">
      <subfield code="H">22244795780006443</subfield>
      <subfield code="x">01P</subfield>
      <subfield code="f">ISSBD</subfield>
      <subfield code="v">01P</subfield>
      <subfield code="p">32</subfield>
      <subfield code="X">System</subfield>
      <subfield code="U">2000-01-01 10:59:00</subfield>
      <subfield code="Y">2021-04-01 09:21:33</subfield>
      <subfield code="h">false</subfield>
      <subfield code="n">gerz.g120</subfield>
      <subfield code="i">12</subfield>
      <subfield code="k">1958</subfield>
      <subfield code="M">49HBZ_DUE</subfield>
      <subfield code="s">1</subfield>
      <subfield code="d">8</subfield>
      <subfield code="V">import</subfield>
      <subfield code="L">LuStB</subfield>
      <subfield code="a">23244795610006443</subfield>
      <subfield code="t">8</subfield>
      <subfield code="c">ger z g 120</subfield>
      <subfield code="q">N.S. 12/13.1958/59-1959/60</subfield>
      <subfield code="W">2021-04-01 09:21:19</subfield>
      <subfield code="u">X0001</subfield>
      <subfield code="w">X0001</subfield>
    </datafield>
    <datafield tag="ITM" ind1=" " ind2=" ">
      <subfield code="H">22244795780006443</subfield>
      <subfield code="x">01P</subfield>
      <subfield code="f">ISSBD</subfield>
      <subfield code="v">01P</subfield>
      <subfield code="p">32</subfield>
      <subfield code="X">System</subfield>
      <subfield code="U">2000-01-01 10:59:00</subfield>
      <subfield code="Y">2021-04-01 09:21:33</subfield>
      <subfield code="h">false</subfield>
      <subfield code="n">gerz.g120</subfield>
      <subfield code="i">3</subfield>
      <subfield code="k">1938</subfield>
      <subfield code="M">49HBZ_DUE</subfield>
      <subfield code="s">1</subfield>
      <subfield code="d">8</subfield>
      <subfield code="V">import</subfield>
      <subfield code="a">23244795690006443</subfield>
      <subfield code="t">8</subfield>
      <subfield code="c">ger z g 120</subfield>
      <subfield code="q">3.1938/1939</subfield>
      <subfield code="W">2021-04-01 09:21:19</subfield>
      <subfield code="u">X0001</subfield>
      <subfield code="w">X0001</subfield>
    </datafield>
    <datafield tag="ITM" ind1=" " ind2=" ">
      <subfield code="H">22244795780006443</subfield>
      <subfield code="x">01P</subfield>
      <subfield code="f">ISSBD</subfield>
      <subfield code="v">01P</subfield>
      <subfield code="p">32</subfield>
      <subfield code="X">System</subfield>
      <subfield code="U">2000-01-01 10:59:00</subfield>
      <subfield code="Y">2021-04-01 09:21:33</subfield>
      <subfield code="h">false</subfield>
      <subfield code="n">gerz.g120</subfield>
      <subfield code="i">51</subfield>
      <subfield code="k">1998</subfield>
      <subfield code="M">49HBZ_DUE</subfield>
      <subfield code="s">1</subfield>
      <subfield code="d">8</subfield>
      <subfield code="V">import</subfield>
      <subfield code="a">23244795250006443</subfield>
      <subfield code="t">8</subfield>
      <subfield code="c">ger z g 120</subfield>
      <subfield code="q">NS 51.1998</subfield>
      <subfield code="W">2021-04-01 09:21:19</subfield>
      <subfield code="u">X0001</subfield>
      <subfield code="w">X0001</subfield>
    </datafield>
    <datafield tag="ITM" ind1=" " ind2=" ">
      <subfield code="H">22244795780006443</subfield>
      <subfield code="x">01P</subfield>
      <subfield code="f">ISSBD</subfield>
      <subfield code="v">01P</subfield>
      <subfield code="p">32</subfield>
      <subfield code="X">System</subfield>
      <subfield code="U">2000-01-01 10:59:00</subfield>
      <subfield code="Y">2021-04-01 09:21:33</subfield>
      <subfield code="h">false</subfield>
      <subfield code="n">gerz.g120</subfield>
      <subfield code="i">35</subfield>
      <subfield code="k">1981</subfield>
      <subfield code="M">49HBZ_DUE</subfield>
      <subfield code="s">1</subfield>
      <subfield code="d">8</subfield>
      <subfield code="V">import</subfield>
      <subfield code="a">23244795410006443</subfield>
      <subfield code="t">8</subfield>
      <subfield code="c">ger z g 120</subfield>
      <subfield code="q">NS 35.1981/82</subfield>
      <subfield code="W">2021-04-01 09:21:19</subfield>
      <subfield code="u">X0001</subfield>
      <subfield code="w">X0001</subfield>
    </datafield>
    <datafield tag="ITM" ind1=" " ind2=" ">
      <subfield code="H">22244795780006443</subfield>
      <subfield code="x">01P</subfield>
      <subfield code="f">ISSBD</subfield>
      <subfield code="v">01P</subfield>
      <subfield code="p">32</subfield>
      <subfield code="X">System</subfield>
      <subfield code="U">2000-01-01 10:59:00</subfield>
      <subfield code="Y">2021-04-01 09:21:33</subfield>
      <subfield code="h">false</subfield>
      <subfield code="n">gerz.g120</subfield>
      <subfield code="i">46</subfield>
      <subfield code="k">1993</subfield>
      <subfield code="M">49HBZ_DUE</subfield>
      <subfield code="s">1</subfield>
      <subfield code="d">8</subfield>
      <subfield code="V">import</subfield>
      <subfield code="a">23244795300006443</subfield>
      <subfield code="t">8</subfield>
      <subfield code="c">ger z g 120</subfield>
      <subfield code="q">NS 46.1993</subfield>
      <subfield code="W">2021-04-01 09:21:19</subfield>
      <subfield code="u">X0001</subfield>
      <subfield code="w">X0001</subfield>
    </datafield>
    <datafield tag="ITM" ind1=" " ind2=" ">
      <subfield code="H">22244795780006443</subfield>
      <subfield code="x">01P</subfield>
      <subfield code="f">ISSBD</subfield>
      <subfield code="v">01P</subfield>
      <subfield code="p">32</subfield>
      <subfield code="X">System</subfield>
      <subfield code="U">2000-01-01 10:59:00</subfield>
      <subfield code="Y">2021-04-01 09:21:33</subfield>
      <subfield code="h">false</subfield>
      <subfield code="n">gerz.g120</subfield>
      <subfield code="i">44</subfield>
      <subfield code="k">1990</subfield>
      <subfield code="M">49HBZ_DUE</subfield>
      <subfield code="s">1</subfield>
      <subfield code="d">8</subfield>
      <subfield code="V">import</subfield>
      <subfield code="a">23244795320006443</subfield>
      <subfield code="t">8</subfield>
      <subfield code="c">ger z g 120</subfield>
      <subfield code="q">NS 44.1990/91</subfield>
      <subfield code="W">2021-04-01 09:21:19</subfield>
      <subfield code="u">X0001</subfield>
      <subfield code="w">X0001</subfield>
    </datafield>
    <datafield tag="ITM" ind1=" " ind2=" ">
      <subfield code="H">22244795780006443</subfield>
      <subfield code="x">01P</subfield>
      <subfield code="f">ISSBD</subfield>
      <subfield code="v">01P</subfield>
      <subfield code="p">32</subfield>
      <subfield code="X">System</subfield>
      <subfield code="U">2000-01-01 10:59:00</subfield>
      <subfield code="Y">2021-04-01 09:21:33</subfield>
      <subfield code="h">false</subfield>
      <subfield code="n">gerz.g120</subfield>
      <subfield code="i">42</subfield>
      <subfield code="k">1988</subfield>
      <subfield code="M">49HBZ_DUE</subfield>
      <subfield code="s">1</subfield>
      <subfield code="d">8</subfield>
      <subfield code="V">import</subfield>
      <subfield code="a">23244795340006443</subfield>
      <subfield code="t">8</subfield>
      <subfield code="c">ger z g 120</subfield>
      <subfield code="q">NS 42.1988/89</subfield>
      <subfield code="W">2021-04-01 09:21:19</subfield>
      <subfield code="u">X0001</subfield>
      <subfield code="w">X0001</subfield>
    </datafield>
    <datafield tag="ITM" ind1=" " ind2=" ">
      <subfield code="H">22244795780006443</subfield>
      <subfield code="x">01P</subfield>
      <subfield code="f">ISSBD</subfield>
      <subfield code="v">01P</subfield>
      <subfield code="p">32</subfield>
      <subfield code="X">System</subfield>
      <subfield code="U">2000-01-01 10:59:00</subfield>
      <subfield code="Y">2021-04-01 09:21:33</subfield>
      <subfield code="h">false</subfield>
      <subfield code="n">gerz.g120</subfield>
      <subfield code="i">40</subfield>
      <subfield code="k">1986</subfield>
      <subfield code="M">49HBZ_DUE</subfield>
      <subfield code="s">1</subfield>
      <subfield code="d">8</subfield>
      <subfield code="V">import</subfield>
      <subfield code="a">23244795360006443</subfield>
      <subfield code="t">8</subfield>
      <subfield code="c">ger z g 120</subfield>
      <subfield code="q">NS 40.1986/87</subfield>
      <subfield code="W">2021-04-01 09:21:19</subfield>
      <subfield code="u">X0001</subfield>
      <subfield code="w">X0001</subfield>
    </datafield>
    <datafield tag="ITM" ind1=" " ind2=" ">
      <subfield code="H">22244795780006443</subfield>
      <subfield code="x">01P</subfield>
      <subfield code="f">ISSBD</subfield>
      <subfield code="v">01P</subfield>
      <subfield code="p">32</subfield>
      <subfield code="X">System</subfield>
      <subfield code="U">2000-01-01 10:59:00</subfield>
      <subfield code="Y">2021-04-01 09:21:33</subfield>
      <subfield code="h">false</subfield>
      <subfield code="n">gerz.g120</subfield>
      <subfield code="i">55</subfield>
      <subfield code="k">2002</subfield>
      <subfield code="M">49HBZ_DUE</subfield>
      <subfield code="s">1</subfield>
      <subfield code="d">8</subfield>
      <subfield code="V">import</subfield>
      <subfield code="a">23244795210006443</subfield>
      <subfield code="t">8</subfield>
      <subfield code="c">ger z g 120</subfield>
      <subfield code="q">NS 55.2002</subfield>
      <subfield code="W">2021-04-01 09:21:19</subfield>
      <subfield code="u">X0001</subfield>
      <subfield code="w">X0001</subfield>
    </datafield>
    <datafield tag="ITM" ind1=" " ind2=" ">
      <subfield code="H">22244795780006443</subfield>
      <subfield code="x">01P</subfield>
      <subfield code="f">ISSBD</subfield>
      <subfield code="v">01P</subfield>
      <subfield code="p">32</subfield>
      <subfield code="X">System</subfield>
      <subfield code="U">2000-01-01 10:59:00</subfield>
      <subfield code="Y">2021-04-01 09:21:33</subfield>
      <subfield code="h">false</subfield>
      <subfield code="n">gerz.g120</subfield>
      <subfield code="i">49</subfield>
      <subfield code="k">1996</subfield>
      <subfield code="M">49HBZ_DUE</subfield>
      <subfield code="s">1</subfield>
      <subfield code="d">8</subfield>
      <subfield code="V">import</subfield>
      <subfield code="a">23244795270006443</subfield>
      <subfield code="t">8</subfield>
      <subfield code="c">ger z g 120</subfield>
      <subfield code="q">NS 49.1996</subfield>
      <subfield code="W">2021-04-01 09:21:19</subfield>
      <subfield code="u">X0001</subfield>
      <subfield code="w">X0001</subfield>
    </datafield>
    <datafield tag="ITM" ind1=" " ind2=" ">
      <subfield code="H">22244795780006443</subfield>
      <subfield code="x">01P</subfield>
      <subfield code="f">ISSBD</subfield>
      <subfield code="v">01P</subfield>
      <subfield code="p">32</subfield>
      <subfield code="X">System</subfield>
      <subfield code="U">2000-01-01 10:59:00</subfield>
      <subfield code="Y">2021-04-01 09:21:33</subfield>
      <subfield code="h">false</subfield>
      <subfield code="n">gerz.g120</subfield>
      <subfield code="i">47</subfield>
      <subfield code="k">1994</subfield>
      <subfield code="M">49HBZ_DUE</subfield>
      <subfield code="s">1</subfield>
      <subfield code="d">8</subfield>
      <subfield code="V">import</subfield>
      <subfield code="a">23244795290006443</subfield>
      <subfield code="t">8</subfield>
      <subfield code="c">ger z g 120</subfield>
      <subfield code="q">NS 47.1994</subfield>
      <subfield code="W">2021-04-01 09:21:19</subfield>
      <subfield code="u">X0001</subfield>
      <subfield code="w">X0001</subfield>
    </datafield>
    <datafield tag="ITM" ind1=" " ind2=" ">
      <subfield code="H">22244795780006443</subfield>
      <subfield code="x">01P</subfield>
      <subfield code="f">ISSBD</subfield>
      <subfield code="v">01P</subfield>
      <subfield code="p">32</subfield>
      <subfield code="X">System</subfield>
      <subfield code="U">2000-01-01 10:59:00</subfield>
      <subfield code="Y">2021-04-01 09:21:33</subfield>
      <subfield code="h">false</subfield>
      <subfield code="n">gerz.g120</subfield>
      <subfield code="i">53</subfield>
      <subfield code="k">2000</subfield>
      <subfield code="M">49HBZ_DUE</subfield>
      <subfield code="s">1</subfield>
      <subfield code="d">8</subfield>
      <subfield code="V">import</subfield>
      <subfield code="a">23244795230006443</subfield>
      <subfield code="t">8</subfield>
      <subfield code="c">ger z g 120</subfield>
      <subfield code="q">NS 53.2000</subfield>
      <subfield code="W">2021-04-01 09:21:19</subfield>
      <subfield code="u">X0001</subfield>
      <subfield code="w">X0001</subfield>
    </datafield>
    <datafield tag="ITM" ind1=" " ind2=" ">
      <subfield code="H">22244795780006443</subfield>
      <subfield code="x">01P</subfield>
      <subfield code="f">ISSBD</subfield>
      <subfield code="v">01P</subfield>
      <subfield code="p">32</subfield>
      <subfield code="X">System</subfield>
      <subfield code="U">2000-01-01 10:59:00</subfield>
      <subfield code="Y">2021-04-01 09:21:33</subfield>
      <subfield code="h">false</subfield>
      <subfield code="n">gerz.g120</subfield>
      <subfield code="i">16</subfield>
      <subfield code="k">1963</subfield>
      <subfield code="M">49HBZ_DUE</subfield>
      <subfield code="s">1</subfield>
      <subfield code="d">8</subfield>
      <subfield code="V">import</subfield>
      <subfield code="L">LuStB</subfield>
      <subfield code="a">23244795570006443</subfield>
      <subfield code="t">8</subfield>
      <subfield code="c">ger z g 120</subfield>
      <subfield code="q">N.S. 16/17.1962/63-1963/64</subfield>
      <subfield code="W">2021-04-01 09:21:19</subfield>
      <subfield code="u">X0001</subfield>
      <subfield code="w">X0001</subfield>
    </datafield>
    <datafield tag="ITM" ind1=" " ind2=" ">
      <subfield code="H">22244795780006443</subfield>
      <subfield code="x">01P</subfield>
      <subfield code="f">ISSBD</subfield>
      <subfield code="v">01P</subfield>
      <subfield code="p">32</subfield>
      <subfield code="X">System</subfield>
      <subfield code="U">2007-03-23 10:59:00</subfield>
      <subfield code="Y">2021-04-01 09:21:33</subfield>
      <subfield code="h">false</subfield>
      <subfield code="e">00001</subfield>
      <subfield code="n">gerz.g120</subfield>
      <subfield code="P">11/d/n/1</subfield>
      <subfield code="i">59</subfield>
      <subfield code="k">2006</subfield>
      <subfield code="M">49HBZ_DUE</subfield>
      <subfield code="s">1</subfield>
      <subfield code="d">8</subfield>
      <subfield code="V">import</subfield>
      <subfield code="a">23244795740006443</subfield>
      <subfield code="t">8</subfield>
      <subfield code="c">ger z g 120</subfield>
      <subfield code="D">20070323</subfield>
      <subfield code="q">NS 59.2006</subfield>
      <subfield code="W">2021-04-01 09:21:19</subfield>
      <subfield code="u">X0001</subfield>
      <subfield code="w">X0001</subfield>
    </datafield>
    <datafield tag="ITM" ind1=" " ind2=" ">
      <subfield code="H">22244795780006443</subfield>
      <subfield code="x">01P</subfield>
      <subfield code="f">ISSBD</subfield>
      <subfield code="v">01P</subfield>
      <subfield code="p">32</subfield>
      <subfield code="X">System</subfield>
      <subfield code="U">2000-01-01 10:59:00</subfield>
      <subfield code="Y">2021-04-01 09:21:33</subfield>
      <subfield code="h">false</subfield>
      <subfield code="n">gerz.g120</subfield>
      <subfield code="i">18</subfield>
      <subfield code="k">1965</subfield>
      <subfield code="M">49HBZ_DUE</subfield>
      <subfield code="s">1</subfield>
      <subfield code="d">8</subfield>
      <subfield code="V">import</subfield>
      <subfield code="L">LuStB</subfield>
      <subfield code="a">23244795560006443</subfield>
      <subfield code="t">8</subfield>
      <subfield code="c">ger z g 120</subfield>
      <subfield code="q">N.S. 18/19.1964/65-1965/66</subfield>
      <subfield code="W">2021-04-01 09:21:19</subfield>
      <subfield code="u">X0001</subfield>
      <subfield code="w">X0001</subfield>
    </datafield>
    <datafield tag="ITM" ind1=" " ind2=" ">
      <subfield code="H">22244795780006443</subfield>
      <subfield code="x">01P</subfield>
      <subfield code="f">ISSBD</subfield>
      <subfield code="v">01P</subfield>
      <subfield code="p">32</subfield>
      <subfield code="X">System</subfield>
      <subfield code="U">2000-01-01 10:59:00</subfield>
      <subfield code="Y">2021-04-01 09:21:33</subfield>
      <subfield code="h">false</subfield>
      <subfield code="n">gerz.g120</subfield>
      <subfield code="i">14</subfield>
      <subfield code="k">1960</subfield>
      <subfield code="M">49HBZ_DUE</subfield>
      <subfield code="s">1</subfield>
      <subfield code="d">8</subfield>
      <subfield code="V">import</subfield>
      <subfield code="L">LuStB</subfield>
      <subfield code="a">23244795580006443</subfield>
      <subfield code="t">8</subfield>
      <subfield code="c">ger z g 120</subfield>
      <subfield code="q">N.S. 14/15.1960/61-1961/62</subfield>
      <subfield code="W">2021-04-01 09:21:19</subfield>
      <subfield code="u">X0001</subfield>
      <subfield code="w">X0001</subfield>
    </datafield>
    <datafield tag="ITM" ind1=" " ind2=" ">
      <subfield code="H">22244795780006443</subfield>
      <subfield code="x">01P</subfield>
      <subfield code="f">ISSBD</subfield>
      <subfield code="v">01P</subfield>
      <subfield code="p">32</subfield>
      <subfield code="X">System</subfield>
      <subfield code="U">2008-02-18 10:59:00</subfield>
      <subfield code="Y">2021-04-01 09:21:33</subfield>
      <subfield code="h">false</subfield>
      <subfield code="e">00001</subfield>
      <subfield code="n">gerz.g120</subfield>
      <subfield code="P">11/d/n/1</subfield>
      <subfield code="i">60</subfield>
      <subfield code="k">2007</subfield>
      <subfield code="M">49HBZ_DUE</subfield>
      <subfield code="s">1</subfield>
      <subfield code="d">8</subfield>
      <subfield code="V">import</subfield>
      <subfield code="a">23244795730006443</subfield>
      <subfield code="t">8</subfield>
      <subfield code="c">ger z g 120</subfield>
      <subfield code="D">20080218</subfield>
      <subfield code="q">NS 60.2007</subfield>
      <subfield code="W">2021-04-01 09:21:19</subfield>
      <subfield code="u">X0001</subfield>
      <subfield code="w">X0001</subfield>
    </datafield>
    <datafield tag="ITM" ind1=" " ind2=" ">
      <subfield code="H">22244795780006443</subfield>
      <subfield code="x">01P</subfield>
      <subfield code="f">ISSBD</subfield>
      <subfield code="v">01P</subfield>
      <subfield code="p">32</subfield>
      <subfield code="X">System</subfield>
      <subfield code="U">2006-01-26 10:59:00</subfield>
      <subfield code="Y">2021-04-01 09:21:33</subfield>
      <subfield code="h">false</subfield>
      <subfield code="e">00001</subfield>
      <subfield code="n">gerz.g120</subfield>
      <subfield code="P">11/d/n/1</subfield>
      <subfield code="i">58</subfield>
      <subfield code="k">2005</subfield>
      <subfield code="M">49HBZ_DUE</subfield>
      <subfield code="s">1</subfield>
      <subfield code="d">8</subfield>
      <subfield code="V">import</subfield>
      <subfield code="a">23244795750006443</subfield>
      <subfield code="t">8</subfield>
      <subfield code="c">ger z g 120</subfield>
      <subfield code="D">20060126</subfield>
      <subfield code="q">NS 58.2005</subfield>
      <subfield code="W">2021-04-01 09:21:19</subfield>
      <subfield code="u">X0001</subfield>
      <subfield code="w">X0001</subfield>
    </datafield>
    <datafield tag="ITM" ind1=" " ind2=" ">
      <subfield code="H">22244795780006443</subfield>
      <subfield code="x">01P</subfield>
      <subfield code="f">ISSBD</subfield>
      <subfield code="v">01P</subfield>
      <subfield code="p">32</subfield>
      <subfield code="X">System</subfield>
      <subfield code="U">2000-01-01 10:59:00</subfield>
      <subfield code="Y">2021-04-01 09:21:33</subfield>
      <subfield code="h">false</subfield>
      <subfield code="n">gerz.g120</subfield>
      <subfield code="i">39</subfield>
      <subfield code="k">1985</subfield>
      <subfield code="M">49HBZ_DUE</subfield>
      <subfield code="s">1</subfield>
      <subfield code="d">8</subfield>
      <subfield code="V">import</subfield>
      <subfield code="a">23244795370006443</subfield>
      <subfield code="t">8</subfield>
      <subfield code="c">ger z g 120</subfield>
      <subfield code="q">NS 39.1985/86</subfield>
      <subfield code="W">2021-04-01 09:21:19</subfield>
      <subfield code="u">X0001</subfield>
      <subfield code="w">X0001</subfield>
    </datafield>
    <datafield tag="ITM" ind1=" " ind2=" ">
      <subfield code="H">22244795780006443</subfield>
      <subfield code="x">01P</subfield>
      <subfield code="f">ISSBD</subfield>
      <subfield code="v">01P</subfield>
      <subfield code="p">32</subfield>
      <subfield code="X">System</subfield>
      <subfield code="U">2000-01-01 10:59:00</subfield>
      <subfield code="Y">2021-04-01 09:21:33</subfield>
      <subfield code="h">false</subfield>
      <subfield code="n">gerz.g120</subfield>
      <subfield code="i">38</subfield>
      <subfield code="k">1984</subfield>
      <subfield code="M">49HBZ_DUE</subfield>
      <subfield code="s">1</subfield>
      <subfield code="d">8</subfield>
      <subfield code="V">import</subfield>
      <subfield code="a">23244795380006443</subfield>
      <subfield code="t">8</subfield>
      <subfield code="c">ger z g 120</subfield>
      <subfield code="q">NS 38.1984/85</subfield>
      <subfield code="W">2021-04-01 09:21:19</subfield>
      <subfield code="u">X0001</subfield>
      <subfield code="w">X0001</subfield>
    </datafield>
    <datafield tag="ITM" ind1=" " ind2=" ">
      <subfield code="H">22244795780006443</subfield>
      <subfield code="x">01P</subfield>
      <subfield code="f">ISSBD</subfield>
      <subfield code="v">01P</subfield>
      <subfield code="p">32</subfield>
      <subfield code="X">System</subfield>
      <subfield code="U">2000-01-01 10:59:00</subfield>
      <subfield code="Y">2021-04-01 09:21:33</subfield>
      <subfield code="h">false</subfield>
      <subfield code="n">gerz.g120</subfield>
      <subfield code="i">37</subfield>
      <subfield code="k">1983</subfield>
      <subfield code="M">49HBZ_DUE</subfield>
      <subfield code="s">1</subfield>
      <subfield code="d">8</subfield>
      <subfield code="V">import</subfield>
      <subfield code="a">23244795390006443</subfield>
      <subfield code="t">8</subfield>
      <subfield code="c">ger z g 120</subfield>
      <subfield code="q">NS 37.1983/84</subfield>
      <subfield code="W">2021-04-01 09:21:19</subfield>
      <subfield code="u">X0001</subfield>
      <subfield code="w">X0001</subfield>
    </datafield>
    <datafield tag="ITM" ind1=" " ind2=" ">
      <subfield code="H">22244795780006443</subfield>
      <subfield code="x">01P</subfield>
      <subfield code="f">ISSBD</subfield>
      <subfield code="v">01P</subfield>
      <subfield code="p">32</subfield>
      <subfield code="X">System</subfield>
      <subfield code="U">2000-01-01 10:59:00</subfield>
      <subfield code="Y">2021-04-01 09:21:33</subfield>
      <subfield code="h">false</subfield>
      <subfield code="n">gerz.g120</subfield>
      <subfield code="i">23</subfield>
      <subfield code="k">1969</subfield>
      <subfield code="M">49HBZ_DUE</subfield>
      <subfield code="s">1</subfield>
      <subfield code="d">8</subfield>
      <subfield code="V">import</subfield>
      <subfield code="L">LuStB</subfield>
      <subfield code="a">23244795530006443</subfield>
      <subfield code="t">8</subfield>
      <subfield code="c">ger z g 120</subfield>
      <subfield code="q">NS 23.1969/70</subfield>
      <subfield code="W">2021-04-01 09:21:19</subfield>
      <subfield code="u">X0001</subfield>
      <subfield code="w">X0001</subfield>
    </datafield>
    <datafield tag="ITM" ind1=" " ind2=" ">
      <subfield code="H">22244795780006443</subfield>
      <subfield code="x">01P</subfield>
      <subfield code="f">ISSBD</subfield>
      <subfield code="v">01P</subfield>
      <subfield code="p">32</subfield>
      <subfield code="X">System</subfield>
      <subfield code="U">2000-01-01 10:59:00</subfield>
      <subfield code="Y">2021-04-01 09:21:33</subfield>
      <subfield code="h">false</subfield>
      <subfield code="n">gerz.g120</subfield>
      <subfield code="i">22</subfield>
      <subfield code="k">1968</subfield>
      <subfield code="M">49HBZ_DUE</subfield>
      <subfield code="s">1</subfield>
      <subfield code="d">8</subfield>
      <subfield code="V">import</subfield>
      <subfield code="L">LuStB</subfield>
      <subfield code="a">23244795540006443</subfield>
      <subfield code="t">8</subfield>
      <subfield code="c">ger z g 120</subfield>
      <subfield code="q">N.S. 22.1968/69</subfield>
      <subfield code="W">2021-04-01 09:21:19</subfield>
      <subfield code="u">X0001</subfield>
      <subfield code="w">X0001</subfield>
    </datafield>
    <datafield tag="ITM" ind1=" " ind2=" ">
      <subfield code="H">22244795780006443</subfield>
      <subfield code="x">01P</subfield>
      <subfield code="f">ISSBD</subfield>
      <subfield code="v">01P</subfield>
      <subfield code="p">32</subfield>
      <subfield code="X">System</subfield>
      <subfield code="U">2000-01-01 10:59:00</subfield>
      <subfield code="Y">2021-04-01 09:21:33</subfield>
      <subfield code="h">false</subfield>
      <subfield code="n">gerz.g120</subfield>
      <subfield code="i">20</subfield>
      <subfield code="k">1966</subfield>
      <subfield code="M">49HBZ_DUE</subfield>
      <subfield code="s">1</subfield>
      <subfield code="d">8</subfield>
      <subfield code="V">import</subfield>
      <subfield code="L">LuStB</subfield>
      <subfield code="a">23244795550006443</subfield>
      <subfield code="t">8</subfield>
      <subfield code="c">ger z g 120</subfield>
      <subfield code="q">N.S. 20/21.1966/67-1967/68</subfield>
      <subfield code="W">2021-04-01 09:21:19</subfield>
      <subfield code="u">X0001</subfield>
      <subfield code="w">X0001</subfield>
    </datafield>
    <datafield tag="ITM" ind1=" " ind2=" ">
      <subfield code="H">22244795780006443</subfield>
      <subfield code="x">01P</subfield>
      <subfield code="f">ISSBD</subfield>
      <subfield code="v">01P</subfield>
      <subfield code="p">32</subfield>
      <subfield code="X">System</subfield>
      <subfield code="U">2000-01-01 10:59:00</subfield>
      <subfield code="Y">2021-04-01 09:21:33</subfield>
      <subfield code="h">false</subfield>
      <subfield code="n">gerz.g120</subfield>
      <subfield code="i">25</subfield>
      <subfield code="k">1971</subfield>
      <subfield code="M">49HBZ_DUE</subfield>
      <subfield code="s">1</subfield>
      <subfield code="d">8</subfield>
      <subfield code="V">import</subfield>
      <subfield code="a">23244795510006443</subfield>
      <subfield code="t">8</subfield>
      <subfield code="c">ger z g 120</subfield>
      <subfield code="q">NS 25.1971/72</subfield>
      <subfield code="W">2021-04-01 09:21:19</subfield>
      <subfield code="u">X0001</subfield>
      <subfield code="w">X0001</subfield>
    </datafield>
    <datafield tag="ITM" ind1=" " ind2=" ">
      <subfield code="H">22244795780006443</subfield>
      <subfield code="x">01P</subfield>
      <subfield code="f">ISSBD</subfield>
      <subfield code="v">01P</subfield>
      <subfield code="p">32</subfield>
      <subfield code="X">System</subfield>
      <subfield code="U">2000-01-01 10:59:00</subfield>
      <subfield code="Y">2021-04-01 09:21:33</subfield>
      <subfield code="h">false</subfield>
      <subfield code="n">gerz.g120</subfield>
      <subfield code="i">24</subfield>
      <subfield code="k">1970</subfield>
      <subfield code="M">49HBZ_DUE</subfield>
      <subfield code="s">1</subfield>
      <subfield code="d">8</subfield>
      <subfield code="V">import</subfield>
      <subfield code="L">LuStB</subfield>
      <subfield code="a">23244795520006443</subfield>
      <subfield code="t">8</subfield>
      <subfield code="c">ger z g 120</subfield>
      <subfield code="q">NS 24.1970/71</subfield>
      <subfield code="W">2021-04-01 09:21:19</subfield>
      <subfield code="u">X0001</subfield>
      <subfield code="w">X0001</subfield>
    </datafield>
    <datafield tag="ITM" ind1=" " ind2=" ">
      <subfield code="H">22244795780006443</subfield>
      <subfield code="x">01P</subfield>
      <subfield code="f">ISSBD</subfield>
      <subfield code="v">01P</subfield>
      <subfield code="p">32</subfield>
      <subfield code="X">System</subfield>
      <subfield code="U">2000-01-01 10:59:00</subfield>
      <subfield code="Y">2021-04-01 09:21:33</subfield>
      <subfield code="h">false</subfield>
      <subfield code="n">gerz.g120</subfield>
      <subfield code="i">26</subfield>
      <subfield code="k">1972</subfield>
      <subfield code="M">49HBZ_DUE</subfield>
      <subfield code="s">1</subfield>
      <subfield code="d">8</subfield>
      <subfield code="V">import</subfield>
      <subfield code="a">23244795500006443</subfield>
      <subfield code="t">8</subfield>
      <subfield code="c">ger z g 120</subfield>
      <subfield code="q">NS 26.1972/73</subfield>
      <subfield code="W">2021-04-01 09:21:19</subfield>
      <subfield code="u">X0001</subfield>
      <subfield code="w">X0001</subfield>
    </datafield>
    <datafield tag="ITM" ind1=" " ind2=" ">
      <subfield code="H">22244795780006443</subfield>
      <subfield code="x">01P</subfield>
      <subfield code="f">ISSBD</subfield>
      <subfield code="v">01P</subfield>
      <subfield code="p">32</subfield>
      <subfield code="X">System</subfield>
      <subfield code="U">2000-01-01 10:59:00</subfield>
      <subfield code="Y">2021-04-01 09:21:33</subfield>
      <subfield code="h">false</subfield>
      <subfield code="n">gerz.g120</subfield>
      <subfield code="i">2</subfield>
      <subfield code="k">1937</subfield>
      <subfield code="M">49HBZ_DUE</subfield>
      <subfield code="s">1</subfield>
      <subfield code="d">8</subfield>
      <subfield code="V">import</subfield>
      <subfield code="a">23244795700006443</subfield>
      <subfield code="t">8</subfield>
      <subfield code="c">ger z g 120</subfield>
      <subfield code="q">2.1937/1938</subfield>
      <subfield code="W">2021-04-01 09:21:19</subfield>
      <subfield code="u">X0001</subfield>
      <subfield code="w">X0001</subfield>
    </datafield>
    <datafield tag="ITM" ind1=" " ind2=" ">
      <subfield code="H">22244795780006443</subfield>
      <subfield code="x">01P</subfield>
      <subfield code="f">ISSBD</subfield>
      <subfield code="v">01P</subfield>
      <subfield code="p">32</subfield>
      <subfield code="X">System</subfield>
      <subfield code="U">2004-04-05 10:59:00</subfield>
      <subfield code="Y">2021-04-01 09:21:33</subfield>
      <subfield code="h">false</subfield>
      <subfield code="e">00001</subfield>
      <subfield code="n">gerz.g120</subfield>
      <subfield code="P">11/a/n/1</subfield>
      <subfield code="j">1</subfield>
      <subfield code="i">56</subfield>
      <subfield code="k">2003</subfield>
      <subfield code="M">49HBZ_DUE</subfield>
      <subfield code="s">1</subfield>
      <subfield code="d">8</subfield>
      <subfield code="V">import</subfield>
      <subfield code="a">23244795770006443</subfield>
      <subfield code="t">8</subfield>
      <subfield code="c">ger z g 120</subfield>
      <subfield code="D">20040405</subfield>
      <subfield code="q">NS 56.2003</subfield>
      <subfield code="W">2021-04-01 09:21:19</subfield>
      <subfield code="u">X0001</subfield>
      <subfield code="w">X0001</subfield>
    </datafield>
    <datafield tag="ITM" ind1=" " ind2=" ">
      <subfield code="H">22244795780006443</subfield>
      <subfield code="x">01P</subfield>
      <subfield code="f">ISSBD</subfield>
      <subfield code="v">01P</subfield>
      <subfield code="p">32</subfield>
      <subfield code="X">System</subfield>
      <subfield code="U">2000-01-01 10:59:00</subfield>
      <subfield code="Y">2021-04-01 09:21:33</subfield>
      <subfield code="h">false</subfield>
      <subfield code="n">gerz.g120</subfield>
      <subfield code="i">1</subfield>
      <subfield code="k">1936</subfield>
      <subfield code="M">49HBZ_DUE</subfield>
      <subfield code="s">1</subfield>
      <subfield code="d">8</subfield>
      <subfield code="V">import</subfield>
      <subfield code="a">23244795710006443</subfield>
      <subfield code="t">8</subfield>
      <subfield code="c">ger z g 120</subfield>
      <subfield code="q">1.1936/1937</subfield>
      <subfield code="W">2021-04-01 09:21:19</subfield>
      <subfield code="u">X0001</subfield>
      <subfield code="w">X0001</subfield>
    </datafield>
    <datafield tag="ITM" ind1=" " ind2=" ">
      <subfield code="H">22244795780006443</subfield>
      <subfield code="x">01P</subfield>
      <subfield code="f">ISSBD</subfield>
      <subfield code="v">01P</subfield>
      <subfield code="p">32</subfield>
      <subfield code="X">System</subfield>
      <subfield code="U">2008-12-18 10:59:00</subfield>
      <subfield code="Y">2021-04-01 09:21:33</subfield>
      <subfield code="h">false</subfield>
      <subfield code="e">00001</subfield>
      <subfield code="n">gerz.g120</subfield>
      <subfield code="P">11/d/n/1</subfield>
      <subfield code="i">61</subfield>
      <subfield code="k">2008</subfield>
      <subfield code="M">49HBZ_DUE</subfield>
      <subfield code="s">1</subfield>
      <subfield code="d">8</subfield>
      <subfield code="V">import</subfield>
      <subfield code="a">23244795720006443</subfield>
      <subfield code="t">8</subfield>
      <subfield code="c">ger z g 120</subfield>
      <subfield code="D">20081218</subfield>
      <subfield code="q">NS 61.2008</subfield>
      <subfield code="W">2021-04-01 09:21:19</subfield>
      <subfield code="u">X0001</subfield>
      <subfield code="w">X0001</subfield>
    </datafield>
    <datafield tag="ITM" ind1=" " ind2=" ">
      <subfield code="H">22244795780006443</subfield>
      <subfield code="x">01P</subfield>
      <subfield code="f">ISSBD</subfield>
      <subfield code="v">01P</subfield>
      <subfield code="p">32</subfield>
      <subfield code="X">System</subfield>
      <subfield code="U">2004-02-12 10:59:00</subfield>
      <subfield code="Y">2021-04-01 09:21:33</subfield>
      <subfield code="h">false</subfield>
      <subfield code="e">00001</subfield>
      <subfield code="n">gerz.g120</subfield>
      <subfield code="P">11/d/n/1</subfield>
      <subfield code="i">57</subfield>
      <subfield code="k">2004</subfield>
      <subfield code="M">49HBZ_DUE</subfield>
      <subfield code="s">1</subfield>
      <subfield code="d">8</subfield>
      <subfield code="V">import</subfield>
      <subfield code="a">23244795760006443</subfield>
      <subfield code="t">8</subfield>
      <subfield code="c">ger z g 120</subfield>
      <subfield code="D">20050307</subfield>
      <subfield code="q">NS 57.2004</subfield>
      <subfield code="W">2021-04-01 09:21:19</subfield>
      <subfield code="u">X0001</subfield>
      <subfield code="w">X0001</subfield>
    </datafield>
    <datafield tag="ITM" ind1=" " ind2=" ">
      <subfield code="H">22244795780006443</subfield>
      <subfield code="x">01P</subfield>
      <subfield code="f">ISSBD</subfield>
      <subfield code="v">01P</subfield>
      <subfield code="p">32</subfield>
      <subfield code="X">System</subfield>
      <subfield code="U">2000-01-01 10:59:00</subfield>
      <subfield code="Y">2021-04-01 09:21:33</subfield>
      <subfield code="h">false</subfield>
      <subfield code="n">gerz.g120</subfield>
      <subfield code="i">43</subfield>
      <subfield code="k">1989</subfield>
      <subfield code="M">49HBZ_DUE</subfield>
      <subfield code="s">1</subfield>
      <subfield code="d">8</subfield>
      <subfield code="V">import</subfield>
      <subfield code="a">23244795330006443</subfield>
      <subfield code="t">8</subfield>
      <subfield code="c">ger z g 120</subfield>
      <subfield code="q">NS 43.1989/90</subfield>
      <subfield code="W">2021-04-01 09:21:19</subfield>
      <subfield code="u">X0001</subfield>
      <subfield code="w">X0001</subfield>
    </datafield>
    <datafield tag="ITM" ind1=" " ind2=" ">
      <subfield code="H">22244795780006443</subfield>
      <subfield code="x">01P</subfield>
      <subfield code="f">ISSBD</subfield>
      <subfield code="v">01P</subfield>
      <subfield code="p">32</subfield>
      <subfield code="X">System</subfield>
      <subfield code="U">2000-01-01 10:59:00</subfield>
      <subfield code="Y">2021-04-01 09:21:33</subfield>
      <subfield code="h">false</subfield>
      <subfield code="n">gerz.g120</subfield>
      <subfield code="i">52</subfield>
      <subfield code="k">1999</subfield>
      <subfield code="M">49HBZ_DUE</subfield>
      <subfield code="s">1</subfield>
      <subfield code="d">8</subfield>
      <subfield code="V">import</subfield>
      <subfield code="a">23244795240006443</subfield>
      <subfield code="t">8</subfield>
      <subfield code="c">ger z g 120</subfield>
      <subfield code="q">NS 52.1999</subfield>
      <subfield code="W">2021-04-01 09:21:19</subfield>
      <subfield code="u">X0001</subfield>
      <subfield code="w">X0001</subfield>
    </datafield>
    <datafield tag="ITM" ind1=" " ind2=" ">
      <subfield code="H">22244795780006443</subfield>
      <subfield code="x">01P</subfield>
      <subfield code="f">ISSBD</subfield>
      <subfield code="v">01P</subfield>
      <subfield code="p">32</subfield>
      <subfield code="X">System</subfield>
      <subfield code="U">2000-01-01 10:59:00</subfield>
      <subfield code="Y">2021-04-01 09:21:33</subfield>
      <subfield code="h">false</subfield>
      <subfield code="n">gerz.g120</subfield>
      <subfield code="i">34</subfield>
      <subfield code="k">1980</subfield>
      <subfield code="M">49HBZ_DUE</subfield>
      <subfield code="s">1</subfield>
      <subfield code="d">8</subfield>
      <subfield code="V">import</subfield>
      <subfield code="a">23244795420006443</subfield>
      <subfield code="t">8</subfield>
      <subfield code="c">ger z g 120</subfield>
      <subfield code="q">NS 34.1980/81</subfield>
      <subfield code="W">2021-04-01 09:21:19</subfield>
      <subfield code="u">X0001</subfield>
      <subfield code="w">X0001</subfield>
    </datafield>
    <datafield tag="ITM" ind1=" " ind2=" ">
      <subfield code="H">22244795780006443</subfield>
      <subfield code="x">01P</subfield>
      <subfield code="f">ISSBD</subfield>
      <subfield code="v">01P</subfield>
      <subfield code="p">32</subfield>
      <subfield code="X">System</subfield>
      <subfield code="U">2000-01-01 10:59:00</subfield>
      <subfield code="Y">2021-04-01 09:21:33</subfield>
      <subfield code="h">false</subfield>
      <subfield code="n">gerz.g120</subfield>
      <subfield code="i">36</subfield>
      <subfield code="k">1982</subfield>
      <subfield code="M">49HBZ_DUE</subfield>
      <subfield code="s">1</subfield>
      <subfield code="d">8</subfield>
      <subfield code="V">import</subfield>
      <subfield code="a">23244795400006443</subfield>
      <subfield code="t">8</subfield>
      <subfield code="c">ger z g 120</subfield>
      <subfield code="q">NS 36.1982/83</subfield>
      <subfield code="W">2021-04-01 09:21:19</subfield>
      <subfield code="u">X0001</subfield>
      <subfield code="w">X0001</subfield>
    </datafield>
    <datafield tag="ITM" ind1=" " ind2=" ">
      <subfield code="H">22244795780006443</subfield>
      <subfield code="x">01P</subfield>
      <subfield code="f">ISSBD</subfield>
      <subfield code="v">01P</subfield>
      <subfield code="p">32</subfield>
      <subfield code="X">System</subfield>
      <subfield code="U">2000-01-01 10:59:00</subfield>
      <subfield code="Y">2021-04-01 09:21:33</subfield>
      <subfield code="h">false</subfield>
      <subfield code="n">gerz.g120</subfield>
      <subfield code="i">45</subfield>
      <subfield code="k">1992</subfield>
      <subfield code="M">49HBZ_DUE</subfield>
      <subfield code="s">1</subfield>
      <subfield code="d">8</subfield>
      <subfield code="V">import</subfield>
      <subfield code="a">23244795310006443</subfield>
      <subfield code="t">8</subfield>
      <subfield code="c">ger z g 120</subfield>
      <subfield code="q">NS 45.1992</subfield>
      <subfield code="W">2021-04-01 09:21:19</subfield>
      <subfield code="u">X0001</subfield>
      <subfield code="w">X0001</subfield>
    </datafield>
    <datafield tag="ITM" ind1=" " ind2=" ">
      <subfield code="H">22244795780006443</subfield>
      <subfield code="x">01P</subfield>
      <subfield code="f">ISSBD</subfield>
      <subfield code="v">01P</subfield>
      <subfield code="p">32</subfield>
      <subfield code="X">System</subfield>
      <subfield code="U">2000-01-01 10:59:00</subfield>
      <subfield code="Y">2021-04-01 09:21:33</subfield>
      <subfield code="h">false</subfield>
      <subfield code="n">gerz.g120</subfield>
      <subfield code="i">41</subfield>
      <subfield code="k">1987</subfield>
      <subfield code="M">49HBZ_DUE</subfield>
      <subfield code="s">1</subfield>
      <subfield code="d">8</subfield>
      <subfield code="V">import</subfield>
      <subfield code="a">23244795350006443</subfield>
      <subfield code="t">8</subfield>
      <subfield code="c">ger z g 120</subfield>
      <subfield code="q">NS 41.1987/88</subfield>
      <subfield code="W">2021-04-01 09:21:19</subfield>
      <subfield code="u">X0001</subfield>
      <subfield code="w">X0001</subfield>
    </datafield>
    <datafield tag="ITM" ind1=" " ind2=" ">
      <subfield code="H">22244795780006443</subfield>
      <subfield code="x">01P</subfield>
      <subfield code="f">ISSBD</subfield>
      <subfield code="v">01P</subfield>
      <subfield code="p">32</subfield>
      <subfield code="X">System</subfield>
      <subfield code="U">2000-01-01 10:59:00</subfield>
      <subfield code="Y">2021-04-01 09:21:33</subfield>
      <subfield code="h">false</subfield>
      <subfield code="n">gerz.g120</subfield>
      <subfield code="i">48</subfield>
      <subfield code="k">1995</subfield>
      <subfield code="M">49HBZ_DUE</subfield>
      <subfield code="s">1</subfield>
      <subfield code="d">8</subfield>
      <subfield code="V">import</subfield>
      <subfield code="a">23244795280006443</subfield>
      <subfield code="t">8</subfield>
      <subfield code="c">ger z g 120</subfield>
      <subfield code="q">NS 48.1995</subfield>
      <subfield code="W">2021-04-01 09:21:19</subfield>
      <subfield code="u">X0001</subfield>
      <subfield code="w">X0001</subfield>
    </datafield>
    <datafield tag="ITM" ind1=" " ind2=" ">
      <subfield code="H">22244795780006443</subfield>
      <subfield code="x">01P</subfield>
      <subfield code="f">ISSBD</subfield>
      <subfield code="v">01P</subfield>
      <subfield code="p">32</subfield>
      <subfield code="X">System</subfield>
      <subfield code="U">2000-01-01 10:59:00</subfield>
      <subfield code="Y">2021-04-01 09:21:33</subfield>
      <subfield code="h">false</subfield>
      <subfield code="n">gerz.g120</subfield>
      <subfield code="i">54</subfield>
      <subfield code="k">2001</subfield>
      <subfield code="M">49HBZ_DUE</subfield>
      <subfield code="s">1</subfield>
      <subfield code="d">8</subfield>
      <subfield code="V">import</subfield>
      <subfield code="a">23244795220006443</subfield>
      <subfield code="t">8</subfield>
      <subfield code="c">ger z g 120</subfield>
      <subfield code="q">NS 54.2001</subfield>
      <subfield code="W">2021-04-01 09:21:19</subfield>
      <subfield code="u">X0001</subfield>
      <subfield code="w">X0001</subfield>
    </datafield>
    <datafield tag="ITM" ind1=" " ind2=" ">
      <subfield code="H">22244795780006443</subfield>
      <subfield code="x">01P</subfield>
      <subfield code="f">ISSBD</subfield>
      <subfield code="v">01P</subfield>
      <subfield code="p">32</subfield>
      <subfield code="X">System</subfield>
      <subfield code="U">2000-01-01 10:59:00</subfield>
      <subfield code="Y">2021-04-01 09:21:33</subfield>
      <subfield code="h">false</subfield>
      <subfield code="n">gerz.g120</subfield>
      <subfield code="i">50</subfield>
      <subfield code="k">1997</subfield>
      <subfield code="M">49HBZ_DUE</subfield>
      <subfield code="s">1</subfield>
      <subfield code="d">8</subfield>
      <subfield code="V">import</subfield>
      <subfield code="a">23244795260006443</subfield>
      <subfield code="t">8</subfield>
      <subfield code="c">ger z g 120</subfield>
      <subfield code="q">NS 50.1997</subfield>
      <subfield code="W">2021-04-01 09:21:19</subfield>
      <subfield code="u">X0001</subfield>
      <subfield code="w">X0001</subfield>
    </datafield>
    <datafield tag="GSI" ind1="7" ind2=" ">
      <subfield code="a">http://d-nb.info/gnd/4125698-0</subfield>
      <subfield code="2">uri</subfield>
      <subfield code="A">GND</subfield>
      <subfield code="B">GND-041256980</subfield>
      <subfield code="C">024</subfield>
    </datafield>
    <datafield tag="GST" ind1=" " ind2=" ">
      <subfield code="a">Belletristik</subfield>
      <subfield code="A">GND</subfield>
      <subfield code="B">GND-040359646</subfield>
      <subfield code="C">450</subfield>
    </datafield>
    <datafield tag="GST" ind1=" " ind2=" ">
      <subfield code="a">Dichtung</subfield>
      <subfield code="A">GND</subfield>
      <subfield code="B">GND-040359646</subfield>
      <subfield code="C">450</subfield>
    </datafield>
    <datafield tag="GST" ind1=" " ind2=" ">
      <subfield code="a">Scho&#x308;ne Literatur</subfield>
      <subfield code="A">GND</subfield>
      <subfield code="B">GND-040359646</subfield>
      <subfield code="C">450</subfield>
    </datafield>
    <datafield tag="GST" ind1=" " ind2=" ">
      <subfield code="a">Sprachkunst</subfield>
      <subfield code="A">GND</subfield>
      <subfield code="B">GND-040359646</subfield>
      <subfield code="C">450</subfield>
    </datafield>
    <datafield tag="GST" ind1=" " ind2=" ">
      <subfield code="a">Wortkunst</subfield>
      <subfield code="A">GND</subfield>
      <subfield code="B">GND-040359646</subfield>
      <subfield code="C">450</subfield>
    </datafield>
    <datafield tag="GSI" ind1="7" ind2=" ">
      <subfield code="a">http://d-nb.info/gnd/4035964-5</subfield>
      <subfield code="2">uri</subfield>
      <subfield code="A">GND</subfield>
      <subfield code="B">GND-040359646</subfield>
      <subfield code="C">024</subfield>
    </datafield>
    <datafield tag="GST" ind1=" " ind2=" ">
      <subfield code="a">Neuhochdeutsch</subfield>
      <subfield code="A">GND</subfield>
      <subfield code="B">GND-041132920</subfield>
      <subfield code="C">450</subfield>
    </datafield>
    <datafield tag="GST" ind1=" " ind2=" ">
      <subfield code="a">Deutsche Sprache</subfield>
      <subfield code="A">GND</subfield>
      <subfield code="B">GND-041132920</subfield>
      <subfield code="C">450</subfield>
    </datafield>
    <datafield tag="GST" ind1=" " ind2=" ">
      <subfield code="a">Hochdeutsch</subfield>
      <subfield code="9">v:Quasisynonym</subfield>
      <subfield code="A">GND</subfield>
      <subfield code="B">GND-041132920</subfield>
      <subfield code="C">450</subfield>
    </datafield>
    <datafield tag="GSI" ind1="7" ind2=" ">
      <subfield code="a">http://d-nb.info/gnd/4113292-0</subfield>
      <subfield code="2">uri</subfield>
      <subfield code="A">GND</subfield>
      <subfield code="B">GND-041132920</subfield>
      <subfield code="C">024</subfield>
    </datafield>
    <datafield tag="GST" ind1=" " ind2=" ">
      <subfield code="a">Periodikum</subfield>
      <subfield code="A">GND</subfield>
      <subfield code="B">GND-040674886</subfield>
      <subfield code="C">450</subfield>
    </datafield>
    <datafield tag="GST" ind1=" " ind2=" ">
      <subfield code="a">Zeitschriften</subfield>
      <subfield code="A">GND</subfield>
      <subfield code="B">GND-040674886</subfield>
      <subfield code="C">450</subfield>
    </datafield>
    <datafield tag="GSI" ind1="7" ind2=" ">
      <subfield code="a">http://d-nb.info/gnd/4067488-5</subfield>
      <subfield code="2">uri</subfield>
      <subfield code="A">GND</subfield>
      <subfield code="B">GND-040674886</subfield>
      <subfield code="C">024</subfield>
    </datafield>
    <datafield tag="GST" ind1=" " ind2=" ">
      <subfield code="a">Landesgeschichte</subfield>
      <subfield code="A">GND</subfield>
      <subfield code="B">GND-040205177</subfield>
      <subfield code="C">450</subfield>
    </datafield>
    <datafield tag="GST" ind1=" " ind2=" ">
      <subfield code="a">Regionalgeschichte</subfield>
      <subfield code="A">GND</subfield>
      <subfield code="B">GND-040205177</subfield>
      <subfield code="C">450</subfield>
    </datafield>
    <datafield tag="GST" ind1=" " ind2=" ">
      <subfield code="a">Ortsgeschichte</subfield>
      <subfield code="A">GND</subfield>
      <subfield code="B">GND-040205177</subfield>
      <subfield code="C">450</subfield>
    </datafield>
    <datafield tag="GST" ind1=" " ind2=" ">
      <subfield code="a">Zeitgeschichte</subfield>
      <subfield code="A">GND</subfield>
      <subfield code="B">GND-040205177</subfield>
      <subfield code="C">450</subfield>
    </datafield>
    <datafield tag="GSI" ind1="7" ind2=" ">
      <subfield code="a">http://d-nb.info/gnd/4020517-4</subfield>
      <subfield code="2">uri</subfield>
      <subfield code="A">GND</subfield>
      <subfield code="B">GND-040205177</subfield>
      <subfield code="C">024</subfield>
    </datafield>
    <datafield tag="GSI" ind1="7" ind2=" ">
      <subfield code="a">http://d-nb.info/gnd/4125698-0</subfield>
      <subfield code="2">uri</subfield>
      <subfield code="A">GND</subfield>
      <subfield code="B">GND-041256980</subfield>
      <subfield code="C">024</subfield>
    </datafield>
    <datafield tag="GSI" ind1="7" ind2=" ">
      <subfield code="a">http://d-nb.info/gnd/4011882-4</subfield>
      <subfield code="2">uri</subfield>
      <subfield code="A">GND</subfield>
      <subfield code="B">GND-040118827</subfield>
      <subfield code="C">024</subfield>
    </datafield>
    <datafield tag="GGN" ind1=" " ind2=" ">
      <subfield code="a">Deutsche La&#x308;nder</subfield>
      <subfield code="9">v:als Sammelbezeichnung fu&#x308;r die RVK</subfield>
      <subfield code="A">GND</subfield>
      <subfield code="B">GND-040118827</subfield>
      <subfield code="C">451</subfield>
    </datafield>
    <datafield tag="GGN" ind1=" " ind2=" ">
      <subfield code="a">Germany</subfield>
      <subfield code="g">Deutschland</subfield>
      <subfield code="A">GND</subfield>
      <subfield code="B">GND-040118827</subfield>
      <subfield code="C">451</subfield>
    </datafield>
    <datafield tag="GGN" ind1=" " ind2=" ">
      <subfield code="a">Heiliges Ro&#x308;misches Reich</subfield>
      <subfield code="4">naaf</subfield>
      <subfield code="4">http://d-nb.info/standards/elementset/gnd#variantName</subfield>
      <subfield code="w">r</subfield>
      <subfield code="i">Alte Ansetzungsform</subfield>
      <subfield code="A">GND</subfield>
      <subfield code="B">GND-040118827</subfield>
      <subfield code="C">451</subfield>
    </datafield>
    <datafield tag="GGN" ind1=" " ind2=" ">
      <subfield code="a">Rheinbund</subfield>
      <subfield code="4">naaf</subfield>
      <subfield code="4">http://d-nb.info/standards/elementset/gnd#variantName</subfield>
      <subfield code="w">r</subfield>
      <subfield code="i">Alte Ansetzungsform</subfield>
      <subfield code="A">GND</subfield>
      <subfield code="B">GND-040118827</subfield>
      <subfield code="C">451</subfield>
    </datafield>
    <datafield tag="GGN" ind1=" " ind2=" ">
      <subfield code="a">Deutscher Bund</subfield>
      <subfield code="4">naaf</subfield>
      <subfield code="4">http://d-nb.info/standards/elementset/gnd#variantName</subfield>
      <subfield code="w">r</subfield>
      <subfield code="i">Alte Ansetzungsform</subfield>
      <subfield code="A">GND</subfield>
      <subfield code="B">GND-040118827</subfield>
      <subfield code="C">451</subfield>
    </datafield>
    <datafield tag="GGN" ind1=" " ind2=" ">
      <subfield code="a">Norddeutscher Bund</subfield>
      <subfield code="4">naaf</subfield>
      <subfield code="4">http://d-nb.info/standards/elementset/gnd#variantName</subfield>
      <subfield code="w">r</subfield>
      <subfield code="i">Alte Ansetzungsform</subfield>
      <subfield code="A">GND</subfield>
      <subfield code="B">GND-040118827</subfield>
      <subfield code="C">451</subfield>
    </datafield>
    <datafield tag="GGN" ind1=" " ind2=" ">
      <subfield code="a">Deutsches Reich</subfield>
      <subfield code="4">naaf</subfield>
      <subfield code="4">http://d-nb.info/standards/elementset/gnd#variantName</subfield>
      <subfield code="w">r</subfield>
      <subfield code="i">Alte Ansetzungsform</subfield>
      <subfield code="A">GND</subfield>
      <subfield code="B">GND-040118827</subfield>
      <subfield code="C">451</subfield>
    </datafield>
    <datafield tag="GGN" ind1=" " ind2=" ">
      <subfield code="a">Deutschland</subfield>
      <subfield code="g">Gebiet unter Alliierter Besatzung</subfield>
      <subfield code="4">naaf</subfield>
      <subfield code="4">http://d-nb.info/standards/elementset/gnd#variantName</subfield>
      <subfield code="w">r</subfield>
      <subfield code="i">Alte Ansetzungsform</subfield>
      <subfield code="A">GND</subfield>
      <subfield code="B">GND-040118827</subfield>
      <subfield code="C">451</subfield>
    </datafield>
    <datafield tag="GGN" ind1=" " ind2=" ">
      <subfield code="a">Deutschland</subfield>
      <subfield code="g">Bundesrepublik, 1990-</subfield>
      <subfield code="A">GND</subfield>
      <subfield code="B">GND-040118827</subfield>
      <subfield code="C">451</subfield>
    </datafield>
    <datafield tag="GGN" ind1=" " ind2=" ">
      <subfield code="a">BRD</subfield>
      <subfield code="g">1990-</subfield>
      <subfield code="A">GND</subfield>
      <subfield code="B">GND-040118827</subfield>
      <subfield code="C">451</subfield>
    </datafield>
    <datafield tag="GGN" ind1=" " ind2=" ">
      <subfield code="a">Federal Republic of Germany</subfield>
      <subfield code="g">Deutschland</subfield>
      <subfield code="A">GND</subfield>
      <subfield code="B">GND-040118827</subfield>
      <subfield code="C">451</subfield>
    </datafield>
    <datafield tag="GGN" ind1=" " ind2=" ">
      <subfield code="a">Republic of Germany</subfield>
      <subfield code="g">Deutschland</subfield>
      <subfield code="A">GND</subfield>
      <subfield code="B">GND-040118827</subfield>
      <subfield code="C">451</subfield>
    </datafield>
    <datafield tag="GGN" ind1=" " ind2=" ">
      <subfield code="a">Allemagne</subfield>
      <subfield code="g">Deutschland</subfield>
      <subfield code="A">GND</subfield>
      <subfield code="B">GND-040118827</subfield>
      <subfield code="C">451</subfield>
    </datafield>
    <datafield tag="GGN" ind1=" " ind2=" ">
      <subfield code="a">G&#x30C;umhu&#x304;ri&#x304;yat Alma&#x304;niya&#x304; al-Ittih&#x323;a&#x304;di&#x304;ya</subfield>
      <subfield code="A">GND</subfield>
      <subfield code="B">GND-040118827</subfield>
      <subfield code="C">451</subfield>
    </datafield>
    <datafield tag="GGN" ind1=" " ind2=" ">
      <subfield code="a">Bundesrepublik Deutschland</subfield>
      <subfield code="g">1990-</subfield>
      <subfield code="A">GND</subfield>
      <subfield code="B">GND-040118827</subfield>
      <subfield code="C">451</subfield>
    </datafield>
    <datafield tag="GGN" ind1=" " ind2=" ">
      <subfield code="a">BRD</subfield>
      <subfield code="4">abku</subfield>
      <subfield code="4">http://d-nb.info/standards/elementset/gnd#abbreviatedNameForThePlaceOrGeographicName</subfield>
      <subfield code="w">r</subfield>
      <subfield code="i">Abkuerzung</subfield>
      <subfield code="A">GND</subfield>
      <subfield code="B">GND-040118827</subfield>
      <subfield code="C">451</subfield>
    </datafield>
    <datafield tag="GGN" ind1=" " ind2=" ">
      <subfield code="a">Niemcy</subfield>
      <subfield code="A">GND</subfield>
      <subfield code="B">GND-040118827</subfield>
      <subfield code="C">451</subfield>
    </datafield>
    <datafield tag="GGN" ind1=" " ind2=" ">
      <subfield code="a">Re&#x301;publique Fe&#x301;de&#x301;rale d'Allemagne</subfield>
      <subfield code="g">Deutschland</subfield>
      <subfield code="A">GND</subfield>
      <subfield code="B">GND-040118827</subfield>
      <subfield code="C">451</subfield>
    </datafield>
    <datafield tag="GGN" ind1=" " ind2=" ">
      <subfield code="a">Repubblica Federale di Germania</subfield>
      <subfield code="g">Deutschland</subfield>
      <subfield code="A">GND</subfield>
      <subfield code="B">GND-040118827</subfield>
      <subfield code="C">451</subfield>
    </datafield>
    <datafield tag="GGN" ind1=" " ind2=" ">
      <subfield code="a">Germanija</subfield>
      <subfield code="A">GND</subfield>
      <subfield code="B">GND-040118827</subfield>
      <subfield code="C">451</subfield>
    </datafield>
    <datafield tag="GGN" ind1=" " ind2=" ">
      <subfield code="a">Federativnaja Respublika Germanija</subfield>
      <subfield code="A">GND</subfield>
      <subfield code="B">GND-040118827</subfield>
      <subfield code="C">451</subfield>
    </datafield>
    <datafield tag="GGN" ind1=" " ind2=" ">
      <subfield code="a">FRG</subfield>
      <subfield code="4">abku</subfield>
      <subfield code="4">http://d-nb.info/standards/elementset/gnd#abbreviatedNameForThePlaceOrGeographicName</subfield>
      <subfield code="w">r</subfield>
      <subfield code="i">Abkuerzung</subfield>
      <subfield code="A">GND</subfield>
      <subfield code="B">GND-040118827</subfield>
      <subfield code="C">451</subfield>
    </datafield>
    <datafield tag="GGN" ind1=" " ind2=" ">
      <subfield code="a">Deyizhi-Lianbang-Gongheguo</subfield>
      <subfield code="A">GND</subfield>
      <subfield code="B">GND-040118827</subfield>
      <subfield code="C">451</subfield>
    </datafield>
    <datafield tag="GST" ind1=" " ind2=" ">
      <subfield code="a">Periodikum</subfield>
      <subfield code="A">GND</subfield>
      <subfield code="B">GND-040674886</subfield>
      <subfield code="C">450</subfield>
    </datafield>
    <datafield tag="GST" ind1=" " ind2=" ">
      <subfield code="a">Zeitschriften</subfield>
      <subfield code="A">GND</subfield>
      <subfield code="B">GND-040674886</subfield>
      <subfield code="C">450</subfield>
    </datafield>
    <datafield tag="GSI" ind1="7" ind2=" ">
      <subfield code="a">http://d-nb.info/gnd/4067488-5</subfield>
      <subfield code="2">uri</subfield>
      <subfield code="A">GND</subfield>
      <subfield code="B">GND-040674886</subfield>
      <subfield code="C">024</subfield>
    </datafield>
    <datafield tag="GST" ind1=" " ind2=" ">
      <subfield code="a">Belletristik</subfield>
      <subfield code="A">GND</subfield>
      <subfield code="B">GND-040359646</subfield>
      <subfield code="C">450</subfield>
    </datafield>
    <datafield tag="GST" ind1=" " ind2=" ">
      <subfield code="a">Dichtung</subfield>
      <subfield code="A">GND</subfield>
      <subfield code="B">GND-040359646</subfield>
      <subfield code="C">450</subfield>
    </datafield>
    <datafield tag="GST" ind1=" " ind2=" ">
      <subfield code="a">Scho&#x308;ne Literatur</subfield>
      <subfield code="A">GND</subfield>
      <subfield code="B">GND-040359646</subfield>
      <subfield code="C">450</subfield>
    </datafield>
    <datafield tag="GST" ind1=" " ind2=" ">
      <subfield code="a">Sprachkunst</subfield>
      <subfield code="A">GND</subfield>
      <subfield code="B">GND-040359646</subfield>
      <subfield code="C">450</subfield>
    </datafield>
    <datafield tag="GST" ind1=" " ind2=" ">
      <subfield code="a">Wortkunst</subfield>
      <subfield code="A">GND</subfield>
      <subfield code="B">GND-040359646</subfield>
      <subfield code="C">450</subfield>
    </datafield>
    <datafield tag="GSI" ind1="7" ind2=" ">
      <subfield code="a">http://d-nb.info/gnd/4035964-5</subfield>
      <subfield code="2">uri</subfield>
      <subfield code="A">GND</subfield>
      <subfield code="B">GND-040359646</subfield>
      <subfield code="C">024</subfield>
    </datafield>
    <datafield tag="GST" ind1=" " ind2=" ">
      <subfield code="a">Neuhochdeutsch</subfield>
      <subfield code="A">GND</subfield>
      <subfield code="B">GND-041132920</subfield>
      <subfield code="C">450</subfield>
    </datafield>
    <datafield tag="GST" ind1=" " ind2=" ">
      <subfield code="a">Deutsche Sprache</subfield>
      <subfield code="A">GND</subfield>
      <subfield code="B">GND-041132920</subfield>
      <subfield code="C">450</subfield>
    </datafield>
    <datafield tag="GST" ind1=" " ind2=" ">
      <subfield code="a">Hochdeutsch</subfield>
      <subfield code="9">v:Quasisynonym</subfield>
      <subfield code="A">GND</subfield>
      <subfield code="B">GND-041132920</subfield>
      <subfield code="C">450</subfield>
    </datafield>
    <datafield tag="GSI" ind1="7" ind2=" ">
      <subfield code="a">http://d-nb.info/gnd/4113292-0</subfield>
      <subfield code="2">uri</subfield>
      <subfield code="A">GND</subfield>
      <subfield code="B">GND-041132920</subfield>
      <subfield code="C">024</subfield>
    </datafield>
    <datafield tag="GST" ind1=" " ind2=" ">
      <subfield code="a">Periodikum</subfield>
      <subfield code="A">GND-CONTENT</subfield>
      <subfield code="B">GND-040674886</subfield>
      <subfield code="C">450</subfield>
    </datafield>
    <datafield tag="GST" ind1=" " ind2=" ">
      <subfield code="a">Zeitschriften</subfield>
      <subfield code="A">GND-CONTENT</subfield>
      <subfield code="B">GND-040674886</subfield>
      <subfield code="C">450</subfield>
    </datafield>
    <datafield tag="GSI" ind1="7" ind2=" ">
      <subfield code="a">http://d-nb.info/gnd/4067488-5</subfield>
      <subfield code="2">uri</subfield>
      <subfield code="A">GND-CONTENT</subfield>
      <subfield code="B">GND-040674886</subfield>
      <subfield code="C">024</subfield>
    </datafield>
  </record>