
  <record>
    <leader>01479nas#a2200517#c#4500</leader>
    <controlfield tag="005">20210407210750.0</controlfield>
    <controlfield tag="007">tu</controlfield>
    <controlfield tag="008">991120m19691997xxk#|#p#######|####|eng#c</controlfield>
    <controlfield tag="003">DE-605</controlfield>
    <controlfield tag="001">990055814090206441</controlfield>
    <datafield tag="016" ind1="7" ind2=" ">
      <subfield code="a">015145549</subfield>
      <subfield code="2">DE-101b</subfield>
    </datafield>
    <datafield tag="016" ind1="7" ind2=" ">
      <subfield code="a">973786-8</subfield>
      <subfield code="2">DE-600</subfield>
    </datafield>
    <datafield tag="016" ind1="7" ind2=" ">
      <subfield code="a">invalid</subfield>
      <subfield code="2">DE-600</subfield>
    </datafield>
    <datafield tag="016" ind1="7" ind2=" ">
      <subfield code="a">263606619</subfield>
      <subfield code="2">OCoLC</subfield>
    </datafield>
    <datafield tag="022" ind1=" " ind2=" ">
      <subfield code="a">0041-414X</subfield>
      <subfield code="0">(uri) http://worldcat.org/issn/0041-414X</subfield>
    </datafield>
    <datafield tag="030" ind1=" " ind2=" ">
      <subfield code="a">TUTUBV</subfield>
    </datafield>
    <datafield tag="035" ind1=" " ind2=" ">
      <subfield code="a">(DE-605)HT007028316</subfield>
    </datafield>
    <datafield tag="040" ind1=" " ind2=" ">
      <subfield code="a">9001</subfield>
      <subfield code="b">ger</subfield>
      <subfield code="c">DNB</subfield>
      <subfield code="d">9001</subfield>
    </datafield>
    <datafield tag="041" ind1=" " ind2=" ">
      <subfield code="a">eng</subfield>
    </datafield>
    <datafield tag="044" ind1=" " ind2=" ">
      <subfield code="c">XA-GB</subfield>
    </datafield>
    <datafield tag="084" ind1=" " ind2=" ">
      <subfield code="a">690</subfield>
      <subfield code="q">DE-600</subfield>
      <subfield code="2">zdbs</subfield>
    </datafield>
    <datafield tag="210" ind1="1" ind2="0">
      <subfield code="a">Tunnels Tunnelling</subfield>
      <subfield code="2">din1502</subfield>
    </datafield>
    <datafield tag="245" ind1="0" ind2="0">
      <subfield code="a">Tunnels &amp; tunnelling</subfield>
    </datafield>
    <datafield tag="246" ind1="3" ind2=" ">
      <subfield code="a">Tunnels and tunnelling</subfield>
    </datafield>
    <datafield tag="264" ind1="3" ind2="1">
      <subfield code="a">London</subfield>
      <subfield code="b">Miller Freeman</subfield>
      <subfield code="c">1969-1997</subfield>
      <subfield code="3">1969-1997</subfield>
    </datafield>
    <datafield tag="264" ind1="2" ind2="1">
      <subfield code="a">London</subfield>
      <subfield code="b">Morgan-Grampian Ltd.</subfield>
      <subfield code="3">anfangs</subfield>
    </datafield>
    <datafield tag="336" ind1=" " ind2=" ">
      <subfield code="b">txt</subfield>
    </datafield>
    <datafield tag="337" ind1=" " ind2=" ">
      <subfield code="b">n</subfield>
    </datafield>
    <datafield tag="338" ind1=" " ind2=" ">
      <subfield code="b">nc</subfield>
    </datafield>
    <datafield tag="362" ind1="0" ind2=" ">
      <subfield code="a">1.1969 - 29.1997,2</subfield>
    </datafield>
    <datafield tag="363" ind1="0" ind2="0">
      <subfield code="8">1.1\x</subfield>
      <subfield code="a">1</subfield>
      <subfield code="i">1969</subfield>
    </datafield>
    <datafield tag="363" ind1="1" ind2="0">
      <subfield code="8">1.2\x</subfield>
      <subfield code="a">29</subfield>
      <subfield code="b">2</subfield>
      <subfield code="i">1997</subfield>
    </datafield>
    <datafield tag="591" ind1=" " ind2=" ">
      <subfield code="a">89!</subfield>
    </datafield>
    <datafield tag="655" ind1=" " ind2="7">
      <subfield code="a">Zeitschrift</subfield>
      <subfield code="0">(DE-588)4067488-5</subfield>
      <subfield code="2">gnd-content</subfield>
    </datafield>
    <datafield tag="689" ind1="0" ind2="0">
      <subfield code="a">Tunnelbau</subfield>
      <subfield code="D">s</subfield>
      <subfield code="0">(DE-588)4061215-6</subfield>
      <subfield code="0">(uri) https://portal.dnb.de/opac.htm?method=simpleSearch&amp;cqlMode=true&amp;query=idn=040612155</subfield>
      <subfield code="0">(uri) http://viaf.org/viaf/sourceID/DNB|040612155</subfield>
      <subfield code="B">GND-040612155</subfield>
    </datafield>
    <datafield tag="689" ind1="0" ind2="1">
      <subfield code="a">Zeitschrift</subfield>
      <subfield code="A">f</subfield>
    </datafield>
    <datafield tag="689" ind1="0" ind2=" ">
      <subfield code="5">ZDB</subfield>
    </datafield>
    <datafield tag="689" ind1="1" ind2="0">
      <subfield code="a">Tunnel</subfield>
      <subfield code="D">s</subfield>
      <subfield code="0">(DE-588)4061212-0</subfield>
      <subfield code="0">(uri) https://portal.dnb.de/opac.htm?method=simpleSearch&amp;cqlMode=true&amp;query=idn=040612120</subfield>
      <subfield code="0">(uri) http://viaf.org/viaf/sourceID/DNB|040612120</subfield>
      <subfield code="B">GND-040612120</subfield>
    </datafield>
    <datafield tag="689" ind1="1" ind2="1">
      <subfield code="a">Zeitschrift</subfield>
      <subfield code="A">f</subfield>
    </datafield>
    <datafield tag="689" ind1="1" ind2=" ">
      <subfield code="5">ZDB</subfield>
    </datafield>
    <datafield tag="785" ind1="0" ind2="0">
      <subfield code="i">Forts.:</subfield>
      <subfield code="t">Tunnels &amp; tunnelling international</subfield>
      <subfield code="d">Sidcup, Kent : Progressive Media Market, 1997-</subfield>
      <subfield code="w">(DE-605)HT007557531</subfield>
    </datafield>
    <datafield tag="964" ind1="0" ind2="s">
      <subfield code="F">030</subfield>
      <subfield code="A">a||u|||||||37</subfield>
    </datafield>
    <datafield tag="964" ind1="0" ind2="s">
      <subfield code="F">050</subfield>
      <subfield code="A">a|a|||||||||||</subfield>
    </datafield>
    <datafield tag="964" ind1="0" ind2="s">
      <subfield code="F">052</subfield>
      <subfield code="A">p||||||t|||||||</subfield>
    </datafield>
    <datafield tag="035" ind1=" " ind2=" ">
      <subfield code="a">(DE-600)973786-8</subfield>
    </datafield>
    <datafield tag="035" ind1=" " ind2=" ">
      <subfield code="a">(OCoLC)263606619</subfield>
      <subfield code="0">(uri) http://www.worldcat.org/oclc/263606619</subfield>
    </datafield>
    <datafield tag="035" ind1=" " ind2=" ">
      <subfield code="a">(DE-599)ZDB973786-8</subfield>
    </datafield>
    <datafield tag="MBD" ind1=" " ind2=" ">
      <subfield code="M">49HBZ_NETWORK</subfield>
      <subfield code="i">990055814090206441</subfield>
      <subfield code="n">HBZ Network</subfield>
    </datafield>
    <datafield tag="MBD" ind1=" " ind2=" ">
      <subfield code="M">49HBZ_WUP</subfield>
      <subfield code="i">990007503320206447</subfield>
      <subfield code="n">UB Wuppertal</subfield>
    </datafield>
    <datafield tag="983" ind1=" " ind2=" ">
      <subfield code="b">82</subfield>
      <subfield code="9">LOCAL</subfield>
      <subfield code="M">49HBZ_WUP</subfield>
    </datafield>
    <datafield tag="MNG" ind1=" " ind2=" ">
      <subfield code="c">System</subfield>
      <subfield code="f">ILS</subfield>
      <subfield code="i">marc21</subfield>
      <subfield code="k">01</subfield>
      <subfield code="e">false</subfield>
      <subfield code="d">2021-04-07 21:07:50 Europe/Berlin</subfield>
      <subfield code="g">005581409-HBZ01</subfield>
      <subfield code="j">90</subfield>
      <subfield code="a">import</subfield>
      <subfield code="b">2021-04-05 09:35:30 Europe/Berlin</subfield>
    </datafield>
    <datafield tag="H16" ind1="7" ind2=" ">
      <subfield code="a">973786-8</subfield>
      <subfield code="2">DE-600</subfield>
      <subfield code="8">22133341030006447</subfield>
    </datafield>
    <datafield tag="H35" ind1=" " ind2=" ">
      <subfield code="a">(DE-600)041227476</subfield>
      <subfield code="8">22133341030006447</subfield>
    </datafield>
    <datafield tag="H92" ind1=" " ind2=" ">
      <subfield code="a">561000-x</subfield>
      <subfield code="k">NRW</subfield>
      <subfield code="l">a</subfield>
      <subfield code="o">c</subfield>
      <subfield code="u">C</subfield>
      <subfield code="8">22133341030006447</subfield>
    </datafield>
    <datafield tag="H52" ind1="8" ind2="1">
      <subfield code="b">W0001</subfield>
      <subfield code="c">80</subfield>
      <subfield code="h">82T6</subfield>
      <subfield code="8">2</subfield>
      <subfield code="8">22133341030006447</subfield>
    </datafield>
    <datafield tag="H59" ind1="0" ind2="0">
      <subfield code="8">1.1\x</subfield>
      <subfield code="a">22</subfield>
      <subfield code="i">1990</subfield>
      <subfield code="8">22133341030006447</subfield>
    </datafield>
    <datafield tag="H59" ind1="1" ind2="0">
      <subfield code="8">1.2\x</subfield>
      <subfield code="a">29</subfield>
      <subfield code="i">1997</subfield>
      <subfield code="8">22133341030006447</subfield>
    </datafield>
    <datafield tag="H66" ind1="3" ind2="0">
      <subfield code="a">22.1990 - 29.1997,2</subfield>
      <subfield code="8">22133341030006447</subfield>
    </datafield>
    <datafield tag="HOL" ind1=" " ind2=" ">
      <subfield code="b">2021-04-06 08:18:16</subfield>
      <subfield code="8">22133341030006447</subfield>
      <subfield code="M">49HBZ_WUP</subfield>
      <subfield code="g">false</subfield>
      <subfield code="a">import</subfield>
    </datafield>
    <datafield tag="H16" ind1="7" ind2=" ">
      <subfield code="a">973786-8</subfield>
      <subfield code="2">DE-600</subfield>
      <subfield code="8">22133341020006447</subfield>
    </datafield>
    <datafield tag="H35" ind1=" " ind2=" ">
      <subfield code="a">(DE-600)041227468</subfield>
      <subfield code="8">22133341020006447</subfield>
    </datafield>
    <datafield tag="H92" ind1=" " ind2=" ">
      <subfield code="a">561000-x</subfield>
      <subfield code="k">NRW</subfield>
      <subfield code="l">a</subfield>
      <subfield code="o">c</subfield>
      <subfield code="u">C</subfield>
      <subfield code="8">22133341020006447</subfield>
    </datafield>
    <datafield tag="H52" ind1="8" ind2="1">
      <subfield code="b">W0001</subfield>
      <subfield code="c">04</subfield>
      <subfield code="h">82T6</subfield>
      <subfield code="8">1</subfield>
      <subfield code="8">22133341020006447</subfield>
    </datafield>
    <datafield tag="H59" ind1="0" ind2="0">
      <subfield code="8">1.1\x</subfield>
      <subfield code="a">11</subfield>
      <subfield code="i">1979</subfield>
      <subfield code="8">22133341020006447</subfield>
    </datafield>
    <datafield tag="H59" ind1="1" ind2="0">
      <subfield code="8">1.2\x</subfield>
      <subfield code="a">21</subfield>
      <subfield code="i">1989</subfield>
      <subfield code="8">22133341020006447</subfield>
    </datafield>
    <datafield tag="H66" ind1="3" ind2="0">
      <subfield code="a">11.1979 - 21.1989</subfield>
      <subfield code="8">22133341020006447</subfield>
    </datafield>
    <datafield tag="HOL" ind1=" " ind2=" ">
      <subfield code="b">2021-04-06 08:18:16</subfield>
      <subfield code="8">22133341020006447</subfield>
      <subfield code="M">49HBZ_WUP</subfield>
      <subfield code="g">false</subfield>
      <subfield code="a">import</subfield>
    </datafield>
    <datafield tag="GST" ind1=" " ind2=" ">
      <subfield code="a">Unterirdischer Verkehrsbau</subfield>
      <subfield code="A">GND</subfield>
      <subfield code="B">GND-040612120</subfield>
      <subfield code="C">450</subfield>
    </datafield>
    <datafield tag="GST" ind1=" " ind2=" ">
      <subfield code="a">Verkehrstunnel</subfield>
      <subfield code="A">GND</subfield>
      <subfield code="B">GND-040612120</subfield>
      <subfield code="C">450</subfield>
    </datafield>
    <datafield tag="GST" ind1=" " ind2=" ">
      <subfield code="a">Tunnels</subfield>
      <subfield code="A">GND</subfield>
      <subfield code="B">GND-040612120</subfield>
      <subfield code="C">450</subfield>
    </datafield>
    <datafield tag="GSI" ind1="7" ind2=" ">
      <subfield code="a">http://d-nb.info/gnd/4061212-0</subfield>
      <subfield code="2">uri</subfield>
      <subfield code="A">GND</subfield>
      <subfield code="B">GND-040612120</subfield>
      <subfield code="C">024</subfield>
    </datafield>
    <datafield tag="GST" ind1=" " ind2=" ">
      <subfield code="a">Tunnel</subfield>
      <subfield code="x">Tiefbau</subfield>
      <subfield code="A">GND</subfield>
      <subfield code="B">GND-040612155</subfield>
      <subfield code="C">450</subfield>
    </datafield>
    <datafield tag="GSI" ind1="7" ind2=" ">
      <subfield code="a">http://d-nb.info/gnd/4061215-6</subfield>
      <subfield code="2">uri</subfield>
      <subfield code="A">GND</subfield>
      <subfield code="B">GND-040612155</subfield>
      <subfield code="C">024</subfield>
    </datafield>
  </record>