
  <record>
    <leader>03375cam#a2200541#c#4500</leader>
    <controlfield tag="005">20210409190742.0</controlfield>
    <controlfield tag="007">tu</controlfield>
    <controlfield tag="008">210205|2021####xxu###########|||#|#eng#c</controlfield>
    <controlfield tag="003">DE-605</controlfield>
    <controlfield tag="001">990369983090206441</controlfield>
    <datafield tag="020" ind1=" " ind2=" ">
      <subfield code="a">9781484261231</subfield>
      <subfield code="9">978-1-4842-6123-1</subfield>
      <subfield code="0">(uri) http://www.isbnsearch.org/isbn/9781484261231</subfield>
    </datafield>
    <datafield tag="024" ind1="3" ind2=" ">
      <subfield code="a">9781484261231</subfield>
      <subfield code="0">(uri) http://www.isbnsearch.org/isbn/9781484261231</subfield>
    </datafield>
    <datafield tag="035" ind1=" " ind2=" ">
      <subfield code="a">(DE-605)HT020805013</subfield>
    </datafield>
    <datafield tag="040" ind1=" " ind2=" ">
      <subfield code="b">ger</subfield>
      <subfield code="c">HBZ/BA</subfield>
      <subfield code="d">A 96</subfield>
      <subfield code="e">rda</subfield>
    </datafield>
    <datafield tag="041" ind1=" " ind2=" ">
      <subfield code="a">eng</subfield>
    </datafield>
    <datafield tag="044" ind1=" " ind2=" ">
      <subfield code="c">XD-US</subfield>
    </datafield>
    <datafield tag="100" ind1="1" ind2=" ">
      <subfield code="a">Paluszek, Michael</subfield>
      <subfield code="4">aut</subfield>
    </datafield>
    <datafield tag="245" ind1="1" ind2="0">
      <subfield code="a">MATLAB recipes</subfield>
      <subfield code="b">a problem-solution approach</subfield>
    </datafield>
    <datafield tag="250" ind1=" " ind2=" ">
      <subfield code="a">Second edition</subfield>
    </datafield>
    <datafield tag="264" ind1=" " ind2="1">
      <subfield code="a">Berkeley</subfield>
      <subfield code="b">Apress</subfield>
      <subfield code="c">[2021]</subfield>
    </datafield>
    <datafield tag="264" ind1=" " ind2="4">
      <subfield code="c">&#xA9; 2021</subfield>
    </datafield>
    <datafield tag="300" ind1=" " ind2=" ">
      <subfield code="a">XIX, 415 Seiten</subfield>
      <subfield code="b">Illustrationen</subfield>
      <subfield code="c">824 grams.</subfield>
    </datafield>
    <datafield tag="336" ind1=" " ind2=" ">
      <subfield code="b">txt</subfield>
    </datafield>
    <datafield tag="337" ind1=" " ind2=" ">
      <subfield code="b">n</subfield>
    </datafield>
    <datafield tag="338" ind1=" " ind2=" ">
      <subfield code="b">nc</subfield>
    </datafield>
    <datafield tag="520" ind1=" " ind2=" ">
      <subfield code="a">Learn from state-of-the-art examples in robotics, motors, detection filters, chemical processes, aircraft, and spacecraft. With this book you will review contemporary MATLAB coding including the latest MATLAB language features and use MATLAB as a software development environment including code organization, GUI development, and algorithm design and testing. Features now covered include the new graph and digraph classes for charts and networks; interactive documents that combine text, code, and output; a new development environment for building apps; locally defined functions in scripts; automatic expansion of dimensions; tall arrays for big data; the new string type; new functions to encode/decode JSON; handling non-English languages; the new class architecture; the Mocking framework; an engine API for Java; the cloud-based MATLAB desktop; the memoize function; and heatmap charts. MATLAB Recipes: A Problem-Solution Approach, Second Edition provides practical, hands-on code snippets and guidance for using MATLAB to build a body of code you can turn to time and again for solving technical problems in your work. Develop algorithms, test them, visualize the results, and pass the code along to others to create a functional code base for your firm. What You Will Learn- Get up to date with the latest MATLAB up to and including MATLAB 2020b- Code in MATLAB- Write applications in MATLAB- Build your own toolbox of MATLAB code to increase your efficiency and effectivenessWho This Book Is For Engineers, data scientists, and students wanting a book rich in examples using MATLAB.</subfield>
    </datafield>
    <datafield tag="650" ind1=" " ind2="4">
      <subfield code="a">Computer software</subfield>
    </datafield>
    <datafield tag="650" ind1=" " ind2="4">
      <subfield code="a">Mathematics</subfield>
    </datafield>
    <datafield tag="650" ind1=" " ind2="4">
      <subfield code="a">Programming languages (Electronic computers)</subfield>
    </datafield>
    <datafield tag="650" ind1=" " ind2="4">
      <subfield code="a">Computer science</subfield>
    </datafield>
    <datafield tag="650" ind1=" " ind2="4">
      <subfield code="a">MATLAB 10;MATLAB;algorithms;engineering;GUI development;robotics;code;recipes;developer;cookbook;source;development;programming;computational science;numerical</subfield>
    </datafield>
    <datafield tag="653" ind1=" " ind2=" ">
      <subfield code="a">Mathematische &amp; Statistische Software</subfield>
    </datafield>
    <datafield tag="653" ind1=" " ind2=" ">
      <subfield code="a">B</subfield>
    </datafield>
    <datafield tag="653" ind1=" " ind2=" ">
      <subfield code="a">Professional Computing</subfield>
    </datafield>
    <datafield tag="653" ind1=" " ind2=" ">
      <subfield code="a">Professional and Applied Computing</subfield>
    </datafield>
    <datafield tag="653" ind1=" " ind2=" ">
      <subfield code="a">Programming Language</subfield>
    </datafield>
    <datafield tag="653" ind1=" " ind2=" ">
      <subfield code="a">Mathematik f&#xFC;r Ingenieure</subfield>
    </datafield>
    <datafield tag="653" ind1=" " ind2=" ">
      <subfield code="a">Mathematics and Computing</subfield>
    </datafield>
    <datafield tag="653" ind1=" " ind2=" ">
      <subfield code="a">Mathematics, general</subfield>
    </datafield>
    <datafield tag="653" ind1=" " ind2=" ">
      <subfield code="a">Programming Languages, Compilers, Interpreters</subfield>
    </datafield>
    <datafield tag="653" ind1=" " ind2=" ">
      <subfield code="a">Hardcover, Softcover / Informatik, EDV</subfield>
    </datafield>
    <datafield tag="700" ind1="1" ind2=" ">
      <subfield code="a">Thomas, Stephanie</subfield>
      <subfield code="4">aut</subfield>
    </datafield>
    <datafield tag="776" ind1="0" ind2="8">
      <subfield code="i">Erscheint auch als</subfield>
      <subfield code="n">Online-Ausgabe</subfield>
      <subfield code="z">9781484261248</subfield>
      <subfield code="9">978-1-4842-6124-8</subfield>
    </datafield>
    <datafield tag="964" ind1="0" ind2="s">
      <subfield code="F">030</subfield>
      <subfield code="A">a|||r||||||17</subfield>
    </datafield>
    <datafield tag="964" ind1="0" ind2="s">
      <subfield code="F">050</subfield>
      <subfield code="A">a|||||||||||||</subfield>
    </datafield>
    <datafield tag="964" ind1="0" ind2="s">
      <subfield code="F">051</subfield>
      <subfield code="A">m|||||||</subfield>
    </datafield>
    <datafield tag="035" ind1=" " ind2=" ">
      <subfield code="a">(ELiSA)ELiSA-9781484261231</subfield>
    </datafield>
    <datafield tag="035" ind1=" " ind2=" ">
      <subfield code="a">(DE-599)HBZHT020805013</subfield>
    </datafield>
    <datafield tag="MBD" ind1=" " ind2=" ">
      <subfield code="M">49HBZ_NETWORK</subfield>
      <subfield code="i">990369983090206441</subfield>
      <subfield code="n">HBZ Network</subfield>
    </datafield>
    <datafield tag="MBD" ind1=" " ind2=" ">
      <subfield code="M">49HBZ_FHA</subfield>
      <subfield code="i">991004989759706444</subfield>
      <subfield code="n">FHB Aachen</subfield>
    </datafield>
    <datafield tag="020" ind1=" " ind2=" ">
      <subfield code="a">9781484261231</subfield>
      <subfield code="9">978-1-4842-6123-1</subfield>
      <subfield code="M">49HBZ_FHA</subfield>
    </datafield>
    <datafield tag="776" ind1="0" ind2="8">
      <subfield code="i">Erscheint auch als</subfield>
      <subfield code="n">Online-Ausgabe</subfield>
      <subfield code="z">9781484261248</subfield>
      <subfield code="9">978-1-4842-6124-8</subfield>
      <subfield code="M">49HBZ_FHA</subfield>
    </datafield>
    <datafield tag="980" ind1="1" ind2=" ">
      <subfield code="e">HBZ</subfield>
      <subfield code="9">LOCAL</subfield>
      <subfield code="M">49HBZ_FHA</subfield>
    </datafield>
    <datafield tag="981" ind1=" " ind2=" ">
      <subfield code="a">(A96)1034613</subfield>
      <subfield code="9">LOCAL</subfield>
      <subfield code="M">49HBZ_FHA</subfield>
    </datafield>
    <datafield tag="982" ind1=" " ind2=" ">
      <subfield code="a">Computer software</subfield>
      <subfield code="2">unaufgegliedert</subfield>
      <subfield code="9">LOCAL</subfield>
      <subfield code="M">49HBZ_FHA</subfield>
    </datafield>
    <datafield tag="982" ind1=" " ind2=" ">
      <subfield code="a">Mathematics</subfield>
      <subfield code="2">unaufgegliedert</subfield>
      <subfield code="9">LOCAL</subfield>
      <subfield code="M">49HBZ_FHA</subfield>
    </datafield>
    <datafield tag="982" ind1=" " ind2=" ">
      <subfield code="a">Programming languages (Electronic computers)</subfield>
      <subfield code="2">unaufgegliedert</subfield>
      <subfield code="9">LOCAL</subfield>
      <subfield code="M">49HBZ_FHA</subfield>
    </datafield>
    <datafield tag="982" ind1=" " ind2=" ">
      <subfield code="a">Computer science</subfield>
      <subfield code="2">unaufgegliedert</subfield>
      <subfield code="9">LOCAL</subfield>
      <subfield code="M">49HBZ_FHA</subfield>
    </datafield>
    <datafield tag="982" ind1=" " ind2=" ">
      <subfield code="a">MATLAB 10;MATLAB;algorithms;engineering;GUI development;robotics;code;recipes;developer;cookbook;source;development;programming;computational science;numerical</subfield>
      <subfield code="2">unaufgegliedert</subfield>
      <subfield code="9">LOCAL</subfield>
      <subfield code="M">49HBZ_FHA</subfield>
    </datafield>
    <datafield tag="983" ind1=" " ind2=" ">
      <subfield code="b">TZH</subfield>
      <subfield code="9">LOCAL</subfield>
      <subfield code="M">49HBZ_FHA</subfield>
    </datafield>
    <datafield tag="989" ind1=" " ind2=" ">
      <subfield code="a">neu2102</subfield>
      <subfield code="9">LOCAL</subfield>
      <subfield code="M">49HBZ_FHA</subfield>
    </datafield>
    <datafield tag="997" ind1=" " ind2=" ">
      <subfield code="a">20210205</subfield>
      <subfield code="9">LOCAL</subfield>
      <subfield code="M">49HBZ_FHA</subfield>
    </datafield>
    <datafield tag="MNG" ind1=" " ind2=" ">
      <subfield code="c">System</subfield>
      <subfield code="f">ILS</subfield>
      <subfield code="i">marc21</subfield>
      <subfield code="k">01</subfield>
      <subfield code="e">false</subfield>
      <subfield code="d">2021-04-09 19:07:42 Europe/Berlin</subfield>
      <subfield code="g">036998309-HBZ01</subfield>
      <subfield code="j">60</subfield>
      <subfield code="a">import</subfield>
      <subfield code="b">2021-04-05 11:16:57 Europe/Berlin</subfield>
    </datafield>
    <datafield tag="H52" ind1="8" ind2=" ">
      <subfield code="b">JUE</subfield>
      <subfield code="c">JUE_Frei</subfield>
      <subfield code="h">61 TZH 28(2)</subfield>
      <subfield code="8">2284013450006444</subfield>
    </datafield>
    <datafield tag="HOL" ind1=" " ind2=" ">
      <subfield code="b">2021-04-20 15:47:25</subfield>
      <subfield code="8">2284013450006444</subfield>
      <subfield code="M">49HBZ_FHA</subfield>
      <subfield code="g">false</subfield>
      <subfield code="a">import</subfield>
    </datafield>
    <datafield tag="ITM" ind1=" " ind2=" ">
      <subfield code="H">2284013450006444</subfield>
      <subfield code="x">JUE_Frei</subfield>
      <subfield code="f">BOOK</subfield>
      <subfield code="v">JUE_Frei</subfield>
      <subfield code="X">System</subfield>
      <subfield code="U">2021-04-20 10:59:00</subfield>
      <subfield code="Y">2021-04-25 10:48:52</subfield>
      <subfield code="h">false</subfield>
      <subfield code="P">ClassificationNo: 1323</subfield>
      <subfield code="G">1</subfield>
      <subfield code="Q">Fernleihkonditionen: 0</subfield>
      <subfield code="M">49HBZ_FHA</subfield>
      <subfield code="s">0</subfield>
      <subfield code="d">8</subfield>
      <subfield code="V">import</subfield>
      <subfield code="b">61 TZH 28(2)</subfield>
      <subfield code="O">SISIS-Ausleihz&#xE4;hler Migrationsjahr: 2 | SISIS-Ausleihz&#xE4;hler Vor-Migrationsjahr: 0 | SISIS-Ausleihz&#xE4;hler vorletztes Migrationsjahr: 0 | SISIS-Vormerkz&#xE4;hler Migrationsjahr: 0</subfield>
      <subfield code="N">SISIS-Buchdaten-Aufnahmedatum: 2021-02-24 | Altersbegrenzung: 0</subfield>
      <subfield code="a">2384013440006444</subfield>
      <subfield code="c">61 TZH 28(2)</subfield>
      <subfield code="r">LOAN</subfield>
      <subfield code="B">A-21/52</subfield>
      <subfield code="W">2021-04-20 15:47:25</subfield>
      <subfield code="u">JUE</subfield>
      <subfield code="w">JUE</subfield>
    </datafield>
  </record>