
  <record>
    <leader>00000cam#a2200000#c#4500</leader>
    <controlfield tag="005">20210112103900.0</controlfield>
    <controlfield tag="007">cr#|||||||||||</controlfield>
    <controlfield tag="008">190527|2019####gw######o#####|||#|#ger#c</controlfield>
    <controlfield tag="003">DE-605</controlfield>
    <controlfield tag="001">990228777590206441</controlfield>
    <datafield tag="020" ind1=" " ind2=" ">
      <subfield code="a">9783960886020</subfield>
      <subfield code="c">epdf</subfield>
      <subfield code="9">978-3-96088-602-0</subfield>
    </datafield>
    <datafield tag="020" ind1=" " ind2=" ">
      <subfield code="a">9783960886037</subfield>
      <subfield code="c">epub</subfield>
      <subfield code="9">978-3-96088-603-7</subfield>
    </datafield>
    <datafield tag="020" ind1=" " ind2=" ">
      <subfield code="a">9783960886044</subfield>
      <subfield code="c">mobi</subfield>
      <subfield code="9">978-3-96088-604-4</subfield>
    </datafield>
    <datafield tag="035" ind1=" " ind2=" ">
      <subfield code="a">(DE-605)HT020069184</subfield>
    </datafield>
    <datafield tag="040" ind1=" " ind2=" ">
      <subfield code="a">38</subfield>
      <subfield code="b">ger</subfield>
      <subfield code="d">A 96</subfield>
      <subfield code="e">rda</subfield>
    </datafield>
    <datafield tag="041" ind1=" " ind2=" ">
      <subfield code="a">ger</subfield>
    </datafield>
    <datafield tag="044" ind1=" " ind2=" ">
      <subfield code="c">XA-DE-BW</subfield>
    </datafield>
    <datafield tag="084" ind1=" " ind2=" ">
      <subfield code="a">54.50</subfield>
      <subfield code="2">bkl</subfield>
    </datafield>
    <datafield tag="084" ind1=" " ind2=" ">
      <subfield code="a">54.65</subfield>
      <subfield code="2">bkl</subfield>
    </datafield>
    <datafield tag="100" ind1="1" ind2=" ">
      <subfield code="a">Spichale, Kai</subfield>
      <subfield code="0">(DE-588)112194647X</subfield>
      <subfield code="4">aut</subfield>
      <subfield code="0">(uri) https://portal.dnb.de/opac.htm?method=simpleSearch&amp;cqlMode=true&amp;query=idn=112194647X</subfield>
      <subfield code="0">(uri) http://viaf.org/viaf/sourceID/DNB|112194647X</subfield>
      <subfield code="B">GND-112194647X</subfield>
    </datafield>
    <datafield tag="245" ind1="1" ind2="0">
      <subfield code="a">API-Design</subfield>
      <subfield code="b">Praxishandbuch f&#xFC;r Java- und Webservice-Entwickler</subfield>
      <subfield code="c">Kai Spichale</subfield>
    </datafield>
    <datafield tag="250" ind1=" " ind2=" ">
      <subfield code="a">2., &#xFC;berarbeitete und erweiterte Auflage</subfield>
    </datafield>
    <datafield tag="264" ind1=" " ind2="1">
      <subfield code="a">Heidelberg</subfield>
      <subfield code="b">dpunkt.verlag</subfield>
      <subfield code="c">2019</subfield>
    </datafield>
    <datafield tag="300" ind1=" " ind2=" ">
      <subfield code="a">1 Online-Ressource (xxii, 359 Seiten)</subfield>
      <subfield code="b">Illustrationen, Diagramme</subfield>
      <subfield code="c">24 cm x 16.5 cm</subfield>
    </datafield>
    <datafield tag="336" ind1=" " ind2=" ">
      <subfield code="b">txt</subfield>
    </datafield>
    <datafield tag="337" ind1=" " ind2=" ">
      <subfield code="b">c</subfield>
    </datafield>
    <datafield tag="338" ind1=" " ind2=" ">
      <subfield code="b">cr</subfield>
    </datafield>
    <datafield tag="500" ind1=" " ind2=" ">
      <subfield code="a">Literaturverzeichnis: Seite 351-356.</subfield>
      <subfield code="9">F:501</subfield>
    </datafield>
    <datafield tag="520" ind1=" " ind2=" ">
      <subfield code="a">Application Programming Interfaces (APIs) sind allgegenw&#xE4;rtig, denn Softwareentwickler benutzen sie nicht nur st&#xE4;ndig, sondern entwerfen sie h&#xE4;ufig auch. Dieses Buch bietet erstmals eine umfassende Anleitung f&#xFC;r das vielf&#xE4;ltige Thema API-Design. Neben theoretischen Konzepten werden zahlreiche praktische Hinweise und Programmbeispiele f&#xFC;r Java-APIs gegeben. Remote APIs in Form von RESTful HTTP, SOAP-Webservices und Messaging, die f&#xFC;r moderne Webanwendungen und andere verteilte Systeme enorm wichtig sind, spielen in diesem Buch ebenfalls eine zentrale Rolle. Aus dem Inhalt: - Entwurf leicht benutzbarer APIs - Kompatibilit&#xE4;t und Versionierung - Objektkollaboration, Fluent APIs und Thread-Sicherheit - Dokumentation - Skalierbarkeit, Caching - API-ManagementNach der erfolgreichen Lekt&#xFC;re dieses Buches kennen Sie die Grundlagen von APIs und sind in der Lage, objektorientierte APIs f&#xFC;r Softwarekomponenten und Remote APIs f&#xFC;r verteilte Systeme zu entwerfen. In der zweiten Auflage sind u.a. die Behandlung des API-Standards OData, zus&#xE4;tzliche Informationen &#xFC;ber GraphQL, das Jigsaw-Modulsystem von Java und die Metrik Konnaszenz zur Untersuchung der &#xC4;nderbarkeit von APIs hinzugekommen.</subfield>
    </datafield>
    <datafield tag="538" ind1=" " ind2=" ">
      <subfield code="i">Systemvoraussetzungen</subfield>
      <subfield code="a">PC / eReader: F&#xFC;r den Download ist die Installation des kostenlosen Adobe Digital Editions Readers notwendig</subfield>
    </datafield>
    <datafield tag="538" ind1=" " ind2=" ">
      <subfield code="i">Systemvoraussetzungen</subfield>
      <subfield code="a">Smartphone / Tablet: F&#xFC;r den Download ist die Installation des kostenlosen Bluefire Readers notwendig</subfield>
    </datafield>
    <datafield tag="689" ind1="0" ind2="0">
      <subfield code="a">Softwareentwicklung</subfield>
      <subfield code="D">s</subfield>
      <subfield code="0">(DE-588)4116522-6</subfield>
      <subfield code="0">(uri) https://portal.dnb.de/opac.htm?method=simpleSearch&amp;cqlMode=true&amp;query=idn=041165225</subfield>
      <subfield code="0">(uri) http://viaf.org/viaf/sourceID/DNB|041165225</subfield>
      <subfield code="B">GND-041165225</subfield>
    </datafield>
    <datafield tag="689" ind1="0" ind2="1">
      <subfield code="a">API</subfield>
      <subfield code="D">s</subfield>
      <subfield code="0">(DE-588)4430243-5</subfield>
      <subfield code="0">(uri) https://portal.dnb.de/opac.htm?method=simpleSearch&amp;cqlMode=true&amp;query=idn=949043060</subfield>
      <subfield code="0">(uri) http://viaf.org/viaf/sourceID/DNB|949043060</subfield>
      <subfield code="B">GND-949043060</subfield>
    </datafield>
    <datafield tag="689" ind1="0" ind2="2">
      <subfield code="a">Java</subfield>
      <subfield code="g">Programmiersprache</subfield>
      <subfield code="D">s</subfield>
      <subfield code="0">(DE-588)4401313-9</subfield>
      <subfield code="0">(uri) https://portal.dnb.de/opac.htm?method=simpleSearch&amp;cqlMode=true&amp;query=idn=946807736</subfield>
      <subfield code="0">(uri) http://viaf.org/viaf/sourceID/DNB|946807736</subfield>
      <subfield code="B">GND-946807736</subfield>
    </datafield>
    <datafield tag="689" ind1="0" ind2="3">
      <subfield code="a">Web Services</subfield>
      <subfield code="D">s</subfield>
      <subfield code="0">(DE-588)4691234-4</subfield>
      <subfield code="0">(uri) https://portal.dnb.de/opac.htm?method=simpleSearch&amp;cqlMode=true&amp;query=idn=964788543</subfield>
      <subfield code="0">(uri) http://viaf.org/viaf/sourceID/DNB|964788543</subfield>
      <subfield code="B">GND-964788543</subfield>
    </datafield>
    <datafield tag="689" ind1="0" ind2="4">
      <subfield code="a">Verteiltes System</subfield>
      <subfield code="D">s</subfield>
      <subfield code="0">(DE-588)4238872-7</subfield>
      <subfield code="0">(uri) https://portal.dnb.de/opac.htm?method=simpleSearch&amp;cqlMode=true&amp;query=idn=042388724</subfield>
      <subfield code="0">(uri) http://viaf.org/viaf/sourceID/DNB|042388724</subfield>
      <subfield code="B">GND-042388724</subfield>
    </datafield>
    <datafield tag="776" ind1="0" ind2="8">
      <subfield code="i">Erscheint auch als</subfield>
      <subfield code="n">Druck-Ausgabe</subfield>
      <subfield code="z">9783864906114</subfield>
      <subfield code="9">978-3-86490-611-4</subfield>
      <subfield code="0">(uri) http://www.isbnsearch.org/isbn/9783864906114</subfield>
    </datafield>
    <datafield tag="912" ind1=" " ind2=" ">
      <subfield code="a">ZDB-30-PQE</subfield>
    </datafield>
    <datafield tag="960" ind1="1" ind2=" ">
      <subfield code="i">iall</subfield>
    </datafield>
    <datafield tag="962" ind1=" " ind2=" ">
      <subfield code="e">ZDB-30-PQE</subfield>
    </datafield>
    <datafield tag="964" ind1="0" ind2="s">
      <subfield code="F">030</subfield>
      <subfield code="A">a||ur||||||17</subfield>
    </datafield>
    <datafield tag="964" ind1="0" ind2="s">
      <subfield code="F">050</subfield>
      <subfield code="A">||||||||g|||||</subfield>
    </datafield>
    <datafield tag="964" ind1="0" ind2="s">
      <subfield code="F">051</subfield>
      <subfield code="A">m|||||||</subfield>
    </datafield>
    <datafield tag="035" ind1=" " ind2=" ">
      <subfield code="a">(DE-599)HBZHT020069184</subfield>
    </datafield>
    <datafield tag="MBD" ind1=" " ind2=" ">
      <subfield code="M">49HBZ_NETWORK</subfield>
      <subfield code="i">990228777590206441</subfield>
      <subfield code="n">HBZ Network</subfield>
    </datafield>
    <datafield tag="MBD" ind1=" " ind2=" ">
      <subfield code="M">49HBZ_FHA</subfield>
      <subfield code="i">991001675579706444</subfield>
      <subfield code="n">FHB Aachen</subfield>
    </datafield>
    <datafield tag="020" ind1=" " ind2=" ">
      <subfield code="a">9783960886020</subfield>
      <subfield code="c">epdf</subfield>
      <subfield code="9">978-3-96088-602-0</subfield>
      <subfield code="M">49HBZ_FHA</subfield>
    </datafield>
    <datafield tag="020" ind1=" " ind2=" ">
      <subfield code="a">9783960886037</subfield>
      <subfield code="c">epub</subfield>
      <subfield code="9">978-3-96088-603-7</subfield>
      <subfield code="M">49HBZ_FHA</subfield>
    </datafield>
    <datafield tag="020" ind1=" " ind2=" ">
      <subfield code="a">9783960886044</subfield>
      <subfield code="c">mobi</subfield>
      <subfield code="9">978-3-96088-604-4</subfield>
      <subfield code="M">49HBZ_FHA</subfield>
    </datafield>
    <datafield tag="500" ind1=" " ind2=" ">
      <subfield code="a">Literaturverzeichnis: Seite 351-356.</subfield>
      <subfield code="9">F:501</subfield>
      <subfield code="M">49HBZ_FHA</subfield>
    </datafield>
    <datafield tag="776" ind1="0" ind2="8">
      <subfield code="i">Erscheint auch als</subfield>
      <subfield code="n">Druck-Ausgabe</subfield>
      <subfield code="z">9783864906114</subfield>
      <subfield code="9">978-3-86490-611-4</subfield>
      <subfield code="M">49HBZ_FHA</subfield>
    </datafield>
    <datafield tag="980" ind1="1" ind2=" ">
      <subfield code="a">ebc</subfield>
      <subfield code="e">HBZ</subfield>
      <subfield code="9">LOCAL</subfield>
      <subfield code="M">49HBZ_FHA</subfield>
    </datafield>
    <datafield tag="981" ind1=" " ind2=" ">
      <subfield code="a">(A96)993327</subfield>
      <subfield code="9">LOCAL</subfield>
      <subfield code="M">49HBZ_FHA</subfield>
    </datafield>
    <datafield tag="983" ind1=" " ind2=" ">
      <subfield code="b">TWP</subfield>
      <subfield code="9">LOCAL</subfield>
      <subfield code="M">49HBZ_FHA</subfield>
    </datafield>
    <datafield tag="989" ind1=" " ind2=" ">
      <subfield code="a">neu210121</subfield>
      <subfield code="9">LOCAL</subfield>
      <subfield code="M">49HBZ_FHA</subfield>
    </datafield>
    <datafield tag="997" ind1=" " ind2=" ">
      <subfield code="a">20210112</subfield>
      <subfield code="9">LOCAL</subfield>
      <subfield code="M">49HBZ_FHA</subfield>
    </datafield>
    <datafield tag="998" ind1="4" ind2=" ">
      <subfield code="u">https://ebookcentral.proquest.com/lib/aachen/detail.action?docID=5764425</subfield>
      <subfield code="z">Volltext: Zugriff nur f&#xFC;r angemeldete Nutzer der Bibliothek der FH Aachen. Zur Nutzung des E-Books bitte mit Ihrer FH-Kennung und dem zugeh&#xF6;rigen Kennwort anmelden.</subfield>
      <subfield code="9">LOCAL</subfield>
      <subfield code="M">49HBZ_FHA</subfield>
    </datafield>
    <datafield tag="MNG" ind1=" " ind2=" ">
      <subfield code="c">System</subfield>
      <subfield code="f">ILS</subfield>
      <subfield code="i">marc21</subfield>
      <subfield code="k">01</subfield>
      <subfield code="e">false</subfield>
      <subfield code="d">2021-04-09 18:30:19 Europe/Berlin</subfield>
      <subfield code="g">022877759-HBZ01</subfield>
      <subfield code="j">60</subfield>
      <subfield code="a">import</subfield>
      <subfield code="b">2021-04-05 19:57:41 Europe/Berlin</subfield>
    </datafield>
    <datafield tag="POR" ind1=" " ind2=" ">
      <subfield code="j">Ebook Central</subfield>
      <subfield code="x">System</subfield>
      <subfield code="a">5387670440006444</subfield>
      <subfield code="M">49HBZ_FHA</subfield>
      <subfield code="p">6187069990006444</subfield>
      <subfield code="r">PROQUEST EBC</subfield>
      <subfield code="q">Ebook Central Perpetual, DDA and Subscription Titles</subfield>
      <subfield code="c">param</subfield>
      <subfield code="o">614330000000000002</subfield>
      <subfield code="y">2021-07-28 15:20:59 Europe/Berlin</subfield>
      <subfield code="w">2021-04-21 10:33:05 Europe/Berlin</subfield>
      <subfield code="D">https://eu04.alma.exlibrisgroup.com/view/uresolver/49HBZ_NETWORK/openurl?u.ignore_date_coverage=true&amp;portfolio_pid=5387670440006444&amp;Force_direct=true</subfield>
      <subfield code="s">ProQuest Ebook Central</subfield>
      <subfield code="v">System</subfield>
      <subfield code="z">2021-04-21 12:27:38</subfield>
      <subfield code="i">false</subfield>
      <subfield code="g">EUP</subfield>
      <subfield code="S">6287069980006444</subfield>
      <subfield code="d">https://hbz-network.userservices.exlibrisgroup.com/view/uresolver/49HBZ_NETWORK/openurl?u.ignore_date_coverage=true&amp;rft.mms_id=991001675579706444</subfield>
      <subfield code="b">Available</subfield>
      <subfield code="f">BOOK</subfield>
      <subfield code="8">5387670440006444</subfield>
    </datafield>
    <datafield tag="GST" ind1=" " ind2=" ">
      <subfield code="a">Distributed System</subfield>
      <subfield code="A">GND</subfield>
      <subfield code="B">GND-042388724</subfield>
      <subfield code="C">450</subfield>
    </datafield>
    <datafield tag="GST" ind1=" " ind2=" ">
      <subfield code="a">Distributed Data Processing</subfield>
      <subfield code="A">GND</subfield>
      <subfield code="B">GND-042388724</subfield>
      <subfield code="C">450</subfield>
    </datafield>
    <datafield tag="GST" ind1=" " ind2=" ">
      <subfield code="a">VDV-System</subfield>
      <subfield code="A">GND</subfield>
      <subfield code="B">GND-042388724</subfield>
      <subfield code="C">450</subfield>
    </datafield>
    <datafield tag="GST" ind1=" " ind2=" ">
      <subfield code="a">Verteilte Datenverarbeitung</subfield>
      <subfield code="A">GND</subfield>
      <subfield code="B">GND-042388724</subfield>
      <subfield code="C">450</subfield>
    </datafield>
    <datafield tag="GST" ind1=" " ind2=" ">
      <subfield code="a">Verteilte Verarbeitung</subfield>
      <subfield code="A">GND</subfield>
      <subfield code="B">GND-042388724</subfield>
      <subfield code="C">450</subfield>
    </datafield>
    <datafield tag="GST" ind1=" " ind2=" ">
      <subfield code="a">Verteiltes Datenverarbeitungssystem</subfield>
      <subfield code="A">GND</subfield>
      <subfield code="B">GND-042388724</subfield>
      <subfield code="C">450</subfield>
    </datafield>
    <datafield tag="GSI" ind1="7" ind2=" ">
      <subfield code="a">http://d-nb.info/gnd/4238872-7</subfield>
      <subfield code="2">uri</subfield>
      <subfield code="A">GND</subfield>
      <subfield code="B">GND-042388724</subfield>
      <subfield code="C">024</subfield>
    </datafield>
    <datafield tag="GST" ind1=" " ind2=" ">
      <subfield code="a">Application Services</subfield>
      <subfield code="9">v:Webopedia</subfield>
      <subfield code="A">GND</subfield>
      <subfield code="B">GND-964788543</subfield>
      <subfield code="C">450</subfield>
    </datafield>
    <datafield tag="GST" ind1=" " ind2=" ">
      <subfield code="a">Web-Service</subfield>
      <subfield code="9">v:Wirtschaftsinformatik-Lex.</subfield>
      <subfield code="A">GND</subfield>
      <subfield code="B">GND-964788543</subfield>
      <subfield code="C">450</subfield>
    </datafield>
    <datafield tag="GSI" ind1="7" ind2=" ">
      <subfield code="a">http://d-nb.info/gnd/4691234-4</subfield>
      <subfield code="2">uri</subfield>
      <subfield code="A">GND</subfield>
      <subfield code="B">GND-964788543</subfield>
      <subfield code="C">024</subfield>
    </datafield>
    <datafield tag="GST" ind1=" " ind2=" ">
      <subfield code="a">World Wide Web Java</subfield>
      <subfield code="A">GND</subfield>
      <subfield code="B">GND-946807736</subfield>
      <subfield code="C">450</subfield>
    </datafield>
    <datafield tag="GSI" ind1="7" ind2=" ">
      <subfield code="a">http://d-nb.info/gnd/4401313-9</subfield>
      <subfield code="2">uri</subfield>
      <subfield code="A">GND</subfield>
      <subfield code="B">GND-946807736</subfield>
      <subfield code="C">024</subfield>
    </datafield>
    <datafield tag="GST" ind1=" " ind2=" ">
      <subfield code="a">Application programming-interface</subfield>
      <subfield code="A">GND</subfield>
      <subfield code="B">GND-949043060</subfield>
      <subfield code="C">450</subfield>
    </datafield>
    <datafield tag="GST" ind1=" " ind2=" ">
      <subfield code="a">Schnittstelle fu&#x308;r die Programmierung von Anwendungsprogrammen</subfield>
      <subfield code="A">GND</subfield>
      <subfield code="B">GND-949043060</subfield>
      <subfield code="C">450</subfield>
    </datafield>
    <datafield tag="GST" ind1=" " ind2=" ">
      <subfield code="a">Anwendungsprogrammierschnittstelle</subfield>
      <subfield code="A">GND</subfield>
      <subfield code="B">GND-949043060</subfield>
      <subfield code="C">450</subfield>
    </datafield>
    <datafield tag="GSI" ind1="7" ind2=" ">
      <subfield code="a">http://d-nb.info/gnd/4430243-5</subfield>
      <subfield code="2">uri</subfield>
      <subfield code="A">GND</subfield>
      <subfield code="B">GND-949043060</subfield>
      <subfield code="C">024</subfield>
    </datafield>
    <datafield tag="GST" ind1=" " ind2=" ">
      <subfield code="a">Software</subfield>
      <subfield code="x">Entwicklung</subfield>
      <subfield code="A">GND</subfield>
      <subfield code="B">GND-041165225</subfield>
      <subfield code="C">450</subfield>
    </datafield>
    <datafield tag="GST" ind1=" " ind2=" ">
      <subfield code="a">Softwareentwurf</subfield>
      <subfield code="A">GND</subfield>
      <subfield code="B">GND-041165225</subfield>
      <subfield code="C">450</subfield>
    </datafield>
    <datafield tag="GST" ind1=" " ind2=" ">
      <subfield code="a">Programmentwicklung</subfield>
      <subfield code="A">GND</subfield>
      <subfield code="B">GND-041165225</subfield>
      <subfield code="C">450</subfield>
    </datafield>
    <datafield tag="GST" ind1=" " ind2=" ">
      <subfield code="a">Programmentwurf</subfield>
      <subfield code="A">GND</subfield>
      <subfield code="B">GND-041165225</subfield>
      <subfield code="C">450</subfield>
    </datafield>
    <datafield tag="GSI" ind1="7" ind2=" ">
      <subfield code="a">http://d-nb.info/gnd/4116522-6</subfield>
      <subfield code="2">uri</subfield>
      <subfield code="A">GND</subfield>
      <subfield code="B">GND-041165225</subfield>
      <subfield code="C">024</subfield>
    </datafield>
    <datafield tag="GSI" ind1="7" ind2=" ">
      <subfield code="a">http://d-nb.info/gnd/112194647X</subfield>
      <subfield code="2">uri</subfield>
      <subfield code="A">GND</subfield>
      <subfield code="B">GND-112194647X</subfield>
      <subfield code="C">024</subfield>
    </datafield>
  </record>