
  <record>
    <leader>01426nam#a2200445#c#4500</leader>
    <controlfield tag="005">20210702121200.0</controlfield>
    <controlfield tag="007">cr#|||||||||||</controlfield>
    <controlfield tag="008">201001|2020####xx######o#####|||#|#ger#c</controlfield>
    <controlfield tag="003">DE-605</controlfield>
    <controlfield tag="001">990367970500206441</controlfield>
    <datafield tag="020" ind1=" " ind2=" ">
      <subfield code="a">9783662616512</subfield>
      <subfield code="9">978-3-662-61651-2</subfield>
    </datafield>
    <datafield tag="035" ind1=" " ind2=" ">
      <subfield code="a">(DE-605)HT020603705</subfield>
    </datafield>
    <datafield tag="040" ind1=" " ind2=" ">
      <subfield code="a">Springer</subfield>
      <subfield code="b">ger</subfield>
      <subfield code="c">Springer</subfield>
      <subfield code="d">HBZ/ALMA-NZ</subfield>
      <subfield code="e">rda</subfield>
      <subfield code="d">DE-605</subfield>
    </datafield>
    <datafield tag="041" ind1=" " ind2=" ">
      <subfield code="a">ger</subfield>
    </datafield>
    <datafield tag="082" ind1="0" ind2=" ">
      <subfield code="a">003.54</subfield>
      <subfield code="2">23</subfield>
    </datafield>
    <datafield tag="084" ind1=" " ind2=" ">
      <subfield code="a">TWP</subfield>
      <subfield code="2">ghbs</subfield>
    </datafield>
    <datafield tag="089" ind1="0" ind2="4">
      <subfield code="a">003.54</subfield>
      <subfield code="e">23</subfield>
      <subfield code="A">4</subfield>
    </datafield>
    <datafield tag="100" ind1="1" ind2=" ">
      <subfield code="a">Lorenz, Uwe</subfield>
      <subfield code="4">aut</subfield>
    </datafield>
    <datafield tag="245" ind1="1" ind2="0">
      <subfield code="a">Reinforcement Learning</subfield>
      <subfield code="b">Aktuelle Ans&#xE4;tze verstehen - mit Beispielen in Java und Greenfoot</subfield>
      <subfield code="c">von Uwe Lorenz</subfield>
    </datafield>
    <datafield tag="250" ind1=" " ind2=" ">
      <subfield code="a">1st ed. 2020</subfield>
    </datafield>
    <datafield tag="264" ind1=" " ind2="1">
      <subfield code="a">Berlin, Heidelberg</subfield>
      <subfield code="b">Springer Berlin Heidelberg</subfield>
      <subfield code="b">Imprint: Springer Vieweg</subfield>
      <subfield code="c">2020</subfield>
    </datafield>
    <datafield tag="300" ind1=" " ind2=" ">
      <subfield code="a">1 Online-Ressource (XVIII, 170 S. 84 Abb., 57 Abb. in Farbe)</subfield>
    </datafield>
    <datafield tag="336" ind1=" " ind2=" ">
      <subfield code="b">txt</subfield>
    </datafield>
    <datafield tag="337" ind1=" " ind2=" ">
      <subfield code="b">c</subfield>
    </datafield>
    <datafield tag="338" ind1=" " ind2=" ">
      <subfield code="b">cr</subfield>
    </datafield>
    <datafield tag="347" ind1=" " ind2=" ">
      <subfield code="a">text file</subfield>
      <subfield code="b">PDF</subfield>
    </datafield>
    <datafield tag="856" ind1="4" ind2=" ">
      <subfield code="u">https://doi.org/10.1007/978-3-662-61651-2</subfield>
      <subfield code="x">Resolving-System</subfield>
    </datafield>
    <datafield tag="912" ind1=" " ind2=" ">
      <subfield code="a">ZDB-2-STI</subfield>
    </datafield>
    <datafield tag="962" ind1=" " ind2=" ">
      <subfield code="e">ZDB-2-STI</subfield>
    </datafield>
    <datafield tag="964" ind1="0" ind2="s">
      <subfield code="F">051</subfield>
      <subfield code="A">m|||||||</subfield>
    </datafield>
    <datafield tag="964" ind1="0" ind2="s">
      <subfield code="F">030</subfield>
      <subfield code="A">a|1ur||||||17</subfield>
    </datafield>
    <datafield tag="964" ind1="0" ind2="s">
      <subfield code="F">050</subfield>
      <subfield code="A">||||||||g|||||</subfield>
    </datafield>
    <datafield tag="035" ind1=" " ind2=" ">
      <subfield code="a">(hbzERes_Springer)978-3-662-61651-2</subfield>
    </datafield>
    <datafield tag="035" ind1=" " ind2=" ">
      <subfield code="a">(DE-599)HBZHT020603705</subfield>
    </datafield>
    <datafield tag="024" ind1="7" ind2=" ">
      <subfield code="a">10.1007/978-3-662-61651-2</subfield>
      <subfield code="2">doi</subfield>
    </datafield>
    <datafield tag="776" ind1="0" ind2="8">
      <subfield code="i">Printed edition</subfield>
      <subfield code="z">9783662616505</subfield>
      <subfield code="0">(uri) http://www.isbnsearch.org/isbn/9783662616505</subfield>
    </datafield>
    <datafield tag="650" ind1=" " ind2="0">
      <subfield code="a">Coding theory</subfield>
    </datafield>
    <datafield tag="650" ind1=" " ind2="0">
      <subfield code="a">Information theory</subfield>
    </datafield>
    <datafield tag="650" ind1=" " ind2="0">
      <subfield code="a">Data mining</subfield>
    </datafield>
    <datafield tag="650" ind1=" " ind2="0">
      <subfield code="a">Application software</subfield>
    </datafield>
    <datafield tag="650" ind1=" " ind2="0">
      <subfield code="a">Java (Computer program language)</subfield>
    </datafield>
    <datafield tag="MBD" ind1=" " ind2=" ">
      <subfield code="M">49HBZ_NETWORK</subfield>
      <subfield code="i">990367970500206441</subfield>
      <subfield code="n">HBZ Network</subfield>
    </datafield>
    <datafield tag="MBD" ind1=" " ind2=" ">
      <subfield code="M">49HBZ_BIE</subfield>
      <subfield code="i">991000710689706442</subfield>
      <subfield code="n">UB Bielefeld</subfield>
    </datafield>
    <datafield tag="020" ind1=" " ind2=" ">
      <subfield code="a">9783662616512</subfield>
      <subfield code="9">978-3-662-61651-2</subfield>
      <subfield code="M">49HBZ_BIE</subfield>
    </datafield>
    <datafield tag="980" ind1="1" ind2=" ">
      <subfield code="a">hbzebo_springer</subfield>
      <subfield code="b">FBBTF10</subfield>
      <subfield code="e">HBZ</subfield>
      <subfield code="9">LOCAL</subfield>
      <subfield code="M">49HBZ_BIE</subfield>
    </datafield>
    <datafield tag="981" ind1=" " ind2=" ">
      <subfield code="a">(DE-361)2656861</subfield>
      <subfield code="9">LOCAL</subfield>
      <subfield code="M">49HBZ_BIE</subfield>
    </datafield>
    <datafield tag="983" ind1=" " ind2=" ">
      <subfield code="b">HI088.89</subfield>
      <subfield code="9">LOCAL</subfield>
      <subfield code="M">49HBZ_BIE</subfield>
    </datafield>
    <datafield tag="997" ind1=" " ind2=" ">
      <subfield code="a">20201001</subfield>
      <subfield code="9">LOCAL</subfield>
      <subfield code="M">49HBZ_BIE</subfield>
    </datafield>
    <datafield tag="MNG" ind1=" " ind2=" ">
      <subfield code="c">System</subfield>
      <subfield code="f">HBZ</subfield>
      <subfield code="i">marc21</subfield>
      <subfield code="h">20210702121200.0</subfield>
      <subfield code="k">01</subfield>
      <subfield code="e">false</subfield>
      <subfield code="d">2021-07-02 13:01:03 Europe/Berlin</subfield>
      <subfield code="g">036797050-HBZ01</subfield>
      <subfield code="j">60</subfield>
      <subfield code="a">import</subfield>
      <subfield code="b">2021-04-05 11:47:58 Europe/Berlin</subfield>
    </datafield>
    <datafield tag="POR" ind1=" " ind2=" ">
      <subfield code="j">Springer Link</subfield>
      <subfield code="x">System</subfield>
      <subfield code="a">53736556350006441</subfield>
      <subfield code="M">49HBZ_NETWORK</subfield>
      <subfield code="p">61737816640006441</subfield>
      <subfield code="q">Springer Technik, Informatik 2020 (ZDB-2-STI)</subfield>
      <subfield code="c">static</subfield>
      <subfield code="A">49HBZ_FHA</subfield>
      <subfield code="A">49HBZ_WUP</subfield>
      <subfield code="A">49HBZ_UBD</subfield>
      <subfield code="A">49HBZ_DUE</subfield>
      <subfield code="A">49HBZ_BIE</subfield>
      <subfield code="A">49HBZ_UDE</subfield>
      <subfield code="y">2021-04-16 14:53:41 Europe/Berlin</subfield>
      <subfield code="w">2021-04-06 12:31:35 Europe/Berlin</subfield>
      <subfield code="D">https://eu04.alma.exlibrisgroup.com/view/uresolver/49HBZ_NETWORK/openurl?u.ignore_date_coverage=true&amp;portfolio_pid=53736556350006441&amp;Force_direct=true</subfield>
      <subfield code="v">P2E_JOB</subfield>
      <subfield code="z">2021-04-06 10:31:35</subfield>
      <subfield code="i">false</subfield>
      <subfield code="S">62737816630006441</subfield>
      <subfield code="d">https://hbz-network.userservices.exlibrisgroup.com/view/uresolver/49HBZ_NETWORK/openurl?u.ignore_date_coverage=true&amp;rft.mms_id=990367970500206441</subfield>
      <subfield code="b">Available</subfield>
      <subfield code="f">BOOK</subfield>
      <subfield code="8">53736556350006441</subfield>
    </datafield>
  </record>