
  <record>
    <leader>00534nam a2200229 c 4500</leader>
    <controlfield tag="005">20211115134213.0</controlfield>
    <controlfield tag="007">tu</controlfield>
    <controlfield tag="008">211103m2003    sp |||| r     ||| |     c</controlfield>
    <controlfield tag="001">9915993472406447</controlfield>
    <datafield tag="020" ind1=" " ind2=" ">
      <subfield code="a">8466310746</subfield>
      <subfield code="9">84-663-1074-6</subfield>
      <subfield code="0">(uri) http://www.isbnsearch.org/isbn/8466310746</subfield>
    </datafield>
    <datafield tag="040" ind1=" " ind2=" ">
      <subfield code="a">468</subfield>
      <subfield code="b">ger</subfield>
      <subfield code="e">rda</subfield>
    </datafield>
    <datafield tag="041" ind1=" " ind2=" ">
      <subfield code="a">spa</subfield>
    </datafield>
    <datafield tag="044" ind1=" " ind2=" ">
      <subfield code="c">XA-ES</subfield>
    </datafield>
    <datafield tag="100" ind1="1" ind2=" ">
      <subfield code="a">Aub, Max</subfield>
      <subfield code="4">aut</subfield>
    </datafield>
    <datafield tag="245" ind1="1" ind2="0">
      <subfield code="a">Campo cerrado</subfield>
      <subfield code="c">Max Aub</subfield>
    </datafield>
    <datafield tag="264" ind1=" " ind2="1">
      <subfield code="a">Madrid</subfield>
      <subfield code="b">punto de lectura</subfield>
      <subfield code="c">[abril 2003]</subfield>
    </datafield>
    <datafield tag="300" ind1=" " ind2=" ">
      <subfield code="a">249 Seiten</subfield>
    </datafield>
    <datafield tag="336" ind1=" " ind2=" ">
      <subfield code="b">txt</subfield>
    </datafield>
    <datafield tag="337" ind1=" " ind2=" ">
      <subfield code="b">n</subfield>
    </datafield>
    <datafield tag="338" ind1=" " ind2=" ">
      <subfield code="b">nc</subfield>
    </datafield>
    <datafield tag="980" ind1="1" ind2=" ">
      <subfield code="b">SpanMediZ</subfield>
      <subfield code="9">local</subfield>
    </datafield>
    <datafield tag="983" ind1=" " ind2=" ">
      <subfield code="b">FZZ</subfield>
      <subfield code="9">local</subfield>
    </datafield>
    <datafield tag="MBD" ind1=" " ind2=" ">
      <subfield code="M">49HBZ_WUP</subfield>
      <subfield code="i">9915993472406447</subfield>
      <subfield code="n">UB Wuppertal</subfield>
    </datafield>
    <datafield tag="MNG" ind1=" " ind2=" ">
      <subfield code="c">COWA85000649</subfield>
      <subfield code="f">49HBZ_WUP</subfield>
      <subfield code="i">marc21</subfield>
      <subfield code="k">01</subfield>
      <subfield code="e">false</subfield>
      <subfield code="d">2021-11-15 13:42:13 Europe/Berlin</subfield>
      <subfield code="g">9915993472406447</subfield>
      <subfield code="j">60</subfield>
      <subfield code="a">COWA85000649</subfield>
      <subfield code="b">2021-11-03 09:07:50 Europe/Berlin</subfield>
    </datafield>
    <datafield tag="H52" ind1="8" ind2="1">
      <subfield code="b">W0001</subfield>
      <subfield code="c">11</subfield>
      <subfield code="8">22161863790006447</subfield>
    </datafield>
    <datafield tag="HOL" ind1=" " ind2=" ">
      <subfield code="d">2021-11-03 08:09:00</subfield>
      <subfield code="8">22161863790006447</subfield>
      <subfield code="b">2021-11-03 08:08:54</subfield>
      <subfield code="M">49HBZ_WUP</subfield>
      <subfield code="g">false</subfield>
      <subfield code="a">COWA85000649</subfield>
      <subfield code="c">COWA85000649</subfield>
    </datafield>
    <datafield tag="ITM" ind1=" " ind2=" ">
      <subfield code="H">22161863790006447</subfield>
      <subfield code="x">11</subfield>
      <subfield code="f">BOOK</subfield>
      <subfield code="v">11</subfield>
      <subfield code="p">11</subfield>
      <subfield code="X">COWA85000649</subfield>
      <subfield code="Y">2021-11-08 09:21:37</subfield>
      <subfield code="n">FZZ1</subfield>
      <subfield code="M">49HBZ_WUP</subfield>
      <subfield code="s">1</subfield>
      <subfield code="d">8</subfield>
      <subfield code="V">COWA85000649</subfield>
      <subfield code="a">23161863770006447</subfield>
      <subfield code="t">8</subfield>
      <subfield code="W">2021-11-03 08:09:44</subfield>
      <subfield code="u">W0001</subfield>
      <subfield code="w">W0001</subfield>
    </datafield>
  </record>