
  <record>
    <leader>01384cam#a22004091cb4500</leader>
    <controlfield tag="005">20220121104700.0</controlfield>
    <controlfield tag="007">tu</controlfield>
    <controlfield tag="008">220121|1983####xxu###########1||#|#eng#c</controlfield>
    <controlfield tag="003">DE-605</controlfield>
    <controlfield tag="001">99371144075706441</controlfield>
    <datafield tag="016" ind1="7" ind2=" ">
      <subfield code="a">10146585</subfield>
      <subfield code="2">OCoLC</subfield>
    </datafield>
    <datafield tag="020" ind1=" " ind2=" ">
      <subfield code="a">0817631690</subfield>
      <subfield code="9">0-8176-3169-0</subfield>
      <subfield code="0">(uri) http://www.isbnsearch.org/isbn/0817631690</subfield>
    </datafield>
    <datafield tag="020" ind1=" " ind2=" ">
      <subfield code="a">3764331690</subfield>
      <subfield code="9">3-7643-3169-0</subfield>
      <subfield code="0">(uri) http://www.isbnsearch.org/isbn/3764331690</subfield>
    </datafield>
    <datafield tag="035" ind1=" " ind2=" ">
      <subfield code="a">(DE-605)HT021206881</subfield>
    </datafield>
    <datafield tag="040" ind1=" " ind2=" ">
      <subfield code="c">DE-605</subfield>
      <subfield code="a">5</subfield>
      <subfield code="b">ger</subfield>
      <subfield code="d">DE-605</subfield>
    </datafield>
    <datafield tag="041" ind1=" " ind2=" ">
      <subfield code="a">eng</subfield>
    </datafield>
    <datafield tag="044" ind1=" " ind2=" ">
      <subfield code="c">XD-US</subfield>
    </datafield>
    <datafield tag="084" ind1=" " ind2=" ">
      <subfield code="a">UO 1183</subfield>
      <subfield code="2">rvk</subfield>
    </datafield>
    <datafield tag="111" ind1="2" ind2=" ">
      <subfield code="a">Workshop on Grand Unification</subfield>
      <subfield code="n">4</subfield>
      <subfield code="d">1983</subfield>
      <subfield code="c">Philadelphia, Pa.</subfield>
      <subfield code="0">(DE-588)1091890-5</subfield>
      <subfield code="4">aut</subfield>
      <subfield code="0">(uri) https://portal.dnb.de/opac.htm?method=simpleSearch&amp;cqlMode=true&amp;query=idn=004425707</subfield>
      <subfield code="0">(uri) http://viaf.org/viaf/sourceID/DNB|004425707</subfield>
      <subfield code="B">GND-004425707</subfield>
    </datafield>
    <datafield tag="245" ind1="1" ind2="0">
      <subfield code="a">Fourth Workshop on Grand Unification, University of Pennsylvania, Philadelphia, April 21 - 23, 1983</subfield>
      <subfield code="c">H. A. Weldon [Hrsg.]</subfield>
    </datafield>
    <datafield tag="264" ind1=" " ind2="1">
      <subfield code="a">Boston, Mass. [u.a.]</subfield>
      <subfield code="b">Birkh&#xE4;user</subfield>
      <subfield code="c">1983</subfield>
    </datafield>
    <datafield tag="300" ind1=" " ind2=" ">
      <subfield code="a">IX, 415 S.</subfield>
      <subfield code="b">graph. Darst</subfield>
    </datafield>
    <datafield tag="336" ind1=" " ind2=" ">
      <subfield code="b">txt</subfield>
    </datafield>
    <datafield tag="337" ind1=" " ind2=" ">
      <subfield code="b">n</subfield>
    </datafield>
    <datafield tag="338" ind1=" " ind2=" ">
      <subfield code="b">nc</subfield>
    </datafield>
    <datafield tag="490" ind1="1" ind2=" ">
      <subfield code="a">Progress in physics</subfield>
      <subfield code="v">9</subfield>
    </datafield>
    <datafield tag="689" ind1="0" ind2="0">
      <subfield code="a">Gro&#xDF;e Vereinheitlichung</subfield>
      <subfield code="D">s</subfield>
      <subfield code="0">(DE-588)4158251-2</subfield>
      <subfield code="0">(uri) https://portal.dnb.de/opac.htm?method=simpleSearch&amp;cqlMode=true&amp;query=idn=041582519</subfield>
      <subfield code="0">(uri) http://viaf.org/viaf/sourceID/DNB|041582519</subfield>
      <subfield code="B">GND-041582519</subfield>
    </datafield>
    <datafield tag="689" ind1="1" ind2="0">
      <subfield code="a">Magnetischer Monopol</subfield>
      <subfield code="D">s</subfield>
      <subfield code="0">(DE-588)4168573-8</subfield>
      <subfield code="0">(uri) https://portal.dnb.de/opac.htm?method=simpleSearch&amp;cqlMode=true&amp;query=idn=041685733</subfield>
      <subfield code="0">(uri) http://viaf.org/viaf/sourceID/DNB|041685733</subfield>
      <subfield code="B">GND-041685733</subfield>
    </datafield>
    <datafield tag="689" ind1="2" ind2="0">
      <subfield code="a">Proton</subfield>
      <subfield code="D">s</subfield>
      <subfield code="0">(DE-588)4137643-2</subfield>
      <subfield code="0">(uri) https://portal.dnb.de/opac.htm?method=simpleSearch&amp;cqlMode=true&amp;query=idn=041376439</subfield>
      <subfield code="0">(uri) http://viaf.org/viaf/sourceID/DNB|041376439</subfield>
      <subfield code="B">GND-041376439</subfield>
    </datafield>
    <datafield tag="830" ind1=" " ind2="0">
      <subfield code="a">Progress in physics</subfield>
      <subfield code="w">(DE-605)HT001235068</subfield>
      <subfield code="v">9</subfield>
      <subfield code="9">O:1</subfield>
    </datafield>
    <datafield tag="964" ind1="0" ind2="s">
      <subfield code="F">051</subfield>
      <subfield code="A">sk||||||</subfield>
    </datafield>
    <datafield tag="964" ind1="0" ind2="s">
      <subfield code="F">030</subfield>
      <subfield code="A">b||u|||||||27</subfield>
    </datafield>
    <datafield tag="964" ind1="0" ind2="s">
      <subfield code="F">050</subfield>
      <subfield code="A">a|a|||||||||||</subfield>
    </datafield>
    <datafield tag="035" ind1=" " ind2=" ">
      <subfield code="a">(OCoLC)10146585</subfield>
      <subfield code="0">(uri) http://www.worldcat.org/oclc/10146585</subfield>
    </datafield>
    <datafield tag="035" ind1=" " ind2=" ">
      <subfield code="a">(DE-627)022156828</subfield>
    </datafield>
    <datafield tag="035" ind1=" " ind2=" ">
      <subfield code="a">(DE-599)GBV022156828</subfield>
    </datafield>
    <datafield tag="700" ind1="1" ind2=" ">
      <subfield code="a">Weldon, H. A.</subfield>
      <subfield code="4">edt</subfield>
    </datafield>
    <datafield tag="655" ind1=" " ind2="7">
      <subfield code="a">Konferenzschrift</subfield>
      <subfield code="y">21.04.1983-23.04.1983</subfield>
      <subfield code="z">Philadelphia, Pa.</subfield>
      <subfield code="0">(DE-588)1071861417</subfield>
      <subfield code="2">gnd-content</subfield>
    </datafield>
    <datafield tag="MBD" ind1=" " ind2=" ">
      <subfield code="M">49HBZ_NETWORK</subfield>
      <subfield code="i">99371144075706441</subfield>
      <subfield code="n">HBZ Network</subfield>
    </datafield>
    <datafield tag="MNG" ind1=" " ind2=" ">
      <subfield code="c">System</subfield>
      <subfield code="f">HBZ</subfield>
      <subfield code="i">marc21</subfield>
      <subfield code="h">20220121104700.0</subfield>
      <subfield code="k">01</subfield>
      <subfield code="e">false</subfield>
      <subfield code="d">2022-01-21 11:30:44 Europe/Berlin</subfield>
      <subfield code="g">HT021206881</subfield>
      <subfield code="j">60</subfield>
      <subfield code="a">System</subfield>
      <subfield code="b">2022-01-21 11:30:48 Europe/Berlin</subfield>
    </datafield>
    <datafield tag="GSI" ind1="7" ind2=" ">
      <subfield code="a">1091890-5</subfield>
      <subfield code="0">http://d-nb.info/gnd/1091890-5</subfield>
      <subfield code="2">gnd</subfield>
      <subfield code="A">GND</subfield>
      <subfield code="B">GND-004425707</subfield>
      <subfield code="C">024</subfield>
    </datafield>
    <datafield tag="GST" ind1=" " ind2=" ">
      <subfield code="a">Protonen</subfield>
      <subfield code="A">GND</subfield>
      <subfield code="B">GND-041376439</subfield>
      <subfield code="C">450</subfield>
    </datafield>
    <datafield tag="GSI" ind1="7" ind2=" ">
      <subfield code="a">http://d-nb.info/gnd/4137643-2</subfield>
      <subfield code="2">uri</subfield>
      <subfield code="A">GND</subfield>
      <subfield code="B">GND-041376439</subfield>
      <subfield code="C">024</subfield>
    </datafield>
    <datafield tag="GST" ind1=" " ind2=" ">
      <subfield code="a">Monopol</subfield>
      <subfield code="g">Magnetismus</subfield>
      <subfield code="A">GND</subfield>
      <subfield code="B">GND-041685733</subfield>
      <subfield code="C">450</subfield>
    </datafield>
    <datafield tag="GSI" ind1="7" ind2=" ">
      <subfield code="a">http://d-nb.info/gnd/4168573-8</subfield>
      <subfield code="2">uri</subfield>
      <subfield code="A">GND</subfield>
      <subfield code="B">GND-041685733</subfield>
      <subfield code="C">024</subfield>
    </datafield>
    <datafield tag="GST" ind1=" " ind2=" ">
      <subfield code="a">Grand Unification</subfield>
      <subfield code="A">GND</subfield>
      <subfield code="B">GND-041582519</subfield>
      <subfield code="C">450</subfield>
    </datafield>
    <datafield tag="GST" ind1=" " ind2=" ">
      <subfield code="a">GUT</subfield>
      <subfield code="g">Physik</subfield>
      <subfield code="A">GND</subfield>
      <subfield code="B">GND-041582519</subfield>
      <subfield code="C">450</subfield>
    </datafield>
    <datafield tag="GST" ind1=" " ind2=" ">
      <subfield code="a">Gro&#xDF;e unifizierte Theorie</subfield>
      <subfield code="A">GND</subfield>
      <subfield code="B">GND-041582519</subfield>
      <subfield code="C">450</subfield>
    </datafield>
    <datafield tag="GST" ind1=" " ind2=" ">
      <subfield code="a">Gro&#xDF;e vereinheitlichte Theorie</subfield>
      <subfield code="A">GND</subfield>
      <subfield code="B">GND-041582519</subfield>
      <subfield code="C">450</subfield>
    </datafield>
    <datafield tag="GST" ind1=" " ind2=" ">
      <subfield code="a">GVT</subfield>
      <subfield code="A">GND</subfield>
      <subfield code="B">GND-041582519</subfield>
      <subfield code="C">450</subfield>
    </datafield>
    <datafield tag="GST" ind1=" " ind2=" ">
      <subfield code="a">Grand unified theory</subfield>
      <subfield code="A">GND</subfield>
      <subfield code="B">GND-041582519</subfield>
      <subfield code="C">450</subfield>
    </datafield>
    <datafield tag="GST" ind1=" " ind2=" ">
      <subfield code="a">Gro&#xDF;e Vereinigung der Wechselwirkungen</subfield>
      <subfield code="A">GND</subfield>
      <subfield code="B">GND-041582519</subfield>
      <subfield code="C">450</subfield>
    </datafield>
    <datafield tag="GST" ind1=" " ind2=" ">
      <subfield code="a">Gro&#xDF;e Vereinigungstheorie</subfield>
      <subfield code="A">GND</subfield>
      <subfield code="B">GND-041582519</subfield>
      <subfield code="C">450</subfield>
    </datafield>
    <datafield tag="GSI" ind1="7" ind2=" ">
      <subfield code="a">http://d-nb.info/gnd/4158251-2</subfield>
      <subfield code="2">uri</subfield>
      <subfield code="A">GND</subfield>
      <subfield code="B">GND-041582519</subfield>
      <subfield code="C">024</subfield>
    </datafield>
  </record>